2542 4274
187 155 204 181 ι
215 143 266 193 76

37 226 114 259 Arm.
131 222 169 252 D.
189 221 353 259 IVillielmo,
371 214 535 255 Wllielmo,
560 214 701 261 Johanni,
728 216 862 254 Roberto,
878 215 1002 260 Thomae,
1020 217 1152 258 Hem-lico,
1169 211 1242 242 Tho·

61 272 146 327 ¹5³}'
187 274 236 332 53⁴?
250 285 259 299 ²
274 258 491 327 ·³-⁵1„{³⁰¹²Z⁷S²‘Zr’
517 255 684 325 ῧὲᾉᾏῖῗέὠ
698 251 1245 326 {32⁷31-'10351¹33‘¹s;cr{¹1ffiss¹“virgi

39 307 103 331 hen.
140 323 146 330 ι
189 309 349 369 nirsxgllxzisize
361 336 396 364 de
407 305 556 373 Tffckford
572 311 601 364 in
620 333 770 364 Comitatu
788 331 885 375 nostro
901 329 991 365 Buks,

227 377 271 405 Ac
288 374 416 405 Maneria
432 372 526 403 nostra
544 373 580 403 de
595 371 748 409 Tyckford
764 368 921 406 Ch1che1ey
937 367 971 397 ὃ(
986 365 1161 405 Thykthorn
1178 373 1250 405 curn>

191 414 366 447 Pertinentiis
380 414 408 441 in
422 411 571 442 Comitatu
588 410 686 440 nostro
702 408 792 446 Buks,
943 443 948 448 ι
1023 442 1037 447 ..
1068 442 1073 447 ·
1200 441 1204 445 Ι

233 452 278 482 Ac
305 450 468 481 Manerium
485 449 617 480 nostrum
632 449 667 479 de
682 446 773 477 Aston
787 453 857 475 cum
873 442 1051 474 Pertinentns
1066 451 1097 472 m
1112 440 1249 471 Comita-

192 501 222 523 tu
238 490 336 520 nostro
350 489 538 527 Warrewici,

232 529 362 560 Necnon
388 527 599 558 Advocationes
622 525 654 555 &
675 524 840 554 Patronatus
859 519 1049 550 Ecclesrarum
1065 518 1120 548 five
1138 516 1249 547 Redo-

190 569 296 598 riarum
312 567 347 596 de
362 565 545 603 Tyckforde,
565 563 718 600 Chicheley
728 584 737 598 ‚
752 558 1006 596 Newportpanell,
1019 556 1165 594 Bradwell,
1181 553 1247 585 Ast-

194 606 280 638 wode
295 607 328 637 &
342 605 449 635 &Villen
467 605 496 634 in
511 603 589 633 duffio
604 601 752 631 Comitatu
770 597 868 628 nostro
886 597 976 633 Buks,
1116 635 1120 639 Ι

235 645 278 674 Ac
297 643 528 674 Advocationem
550 642 582 671 ὃ(
598 639 779 669 Patronatum
789 635 923 666 Ecclefiae
939 635 995 666 five
1002 634 1147 665 ReCionae
1158 633 1194 663 de
1209 631 1249 661 A-

196 683 262 714 ston
282 681 502 722 Brymyneeham
519 680 546 708 in
566 677 716 707 Comitatu
733 674 832 704 nostro
850 673 892 703 W
894 674 1017 704 arrewici
1035 672 1192 715 praedicto,
1227 709 1232 714 .

230 721 309 751 Cum
331 714 464 750 omnibus
474 717 612 751 Decimis,
621 713 839 750 Oblationibus,
846 712 1094 749 obventionibus,
1104 710 1247 752 Porttorn-

195 761 264 798 bus,
283 758 465 788 Penfionibus
486 757 519 787 &
534 753 742 785 Emolumentis
757 751 982 790 quibuscumque
996 749 1100 780 eisdem
1115 747 1247 779 Ecclesns

193 798 252 828 five
272 797 411 827 Restoriis
427 803 473 825 aut
490 801 591 823 eorum
609 791 693 821 alicui
709 789 934 829 pertinentibus,
1157 825 1161 830 .

230 835 360 866 Necnon
384 842 475 863 unum
496 830 701 861 Molendinum
724 828 898 867 Aquaticum
921 827 1068 857 scituatum
1082 825 1111 855 in
1126 823 1197 856 Villa
1212 823 1249 853 de

196 873 318 904 Calcote
334 874 362 902 in
377 871 479 902 eodem
493 869 640 901 Comitatu
655 867 753 897 nostro
770 866 858 902 Buks,
974 904 979 908 Ι
1143 902 1148 906 -

234 912 278 943 Ac
290 914 396 948 Viginti
409 913 463 940 Sex
477 907 576 939 Solidos
595 906 632 942 ὠ
649 907 717 935 Οέῖο
733 907 869 934 Denarios
885 901 1025 933 Redditus
1037 910 1182 932 annuatim
1197 910 1250 939 pro

195 950 316 987 quadam
341 949 476 979 Portione
500 946 686 976 Decimarum
705 944 734 972 in
748 942 886 972 Parochia
900 942 936 971 de
952 939 1100 971 Wollston
1114 940 1204 970 Parva
1220 940 1248 969 in

193 988 275 1019 dieto
290 987 434 1017 Comitatu
449 985 546 1015 nostro
561 984 648 1019 ssuks,
916 1018 922 1023 ι

234 1026 280 1056 Ac
301 1027 386 1055 eriam
401 1025 531 1065 Quinque
547 1020 645 1050 Solidos
658 1017 799 1049 Redditus
812 1025 956 1047 annuatim
971 1027 1025 1055 pro
1038 1016 1158 1060 quadarn
1175 1015 1248 1046 Por-

193 1066 273 1095 tione
293 1063 481 1094 Decimarum
495 1063 523 1090 in
539 1059 675 1090 Parochia
687 1058 722 1087 de
738 1056 916 1095 Lyndeforde
931 1054 1039 1095 Magna
1055 1065 1085 1085 1n
1099 1054 1250 1086 Comitatu

193 1103 292 1134 nostro
309 1102 381 1132 Buks
394 1099 550 1138 praedidto,
744 1134 749 1139 ἢ
919 1133 925 1138 ·

230 1140 358 1171 Necnon
382 1141 511 1180 §Quinque
531 1135 631 1166 Solidos
656 1131 798 1164 Reddrtfis
814 1140 957 1176 annuatim
971 1141 1025 1171 pro
1039 1132 1162 1170 quadam
1177 1131 1250 1175 Por-

193 1180 271 1209 tione
291 1178 475 1208 Decimarum
493 1177 522 1206 in
549 1173 686 1205 Parochia
712 1172 747 1202 de
768 1171 901 1203 Sulbune
924 1181 955 1201 m
972 1170 1077 1202 eodem
1096 1170 1250 1202 Comitatu

261 1227 273 1246 r
312 1216 372 1246 Buk

193 1217 294 1285 nogco
309 1226 438 1293 Quirsi’ue
461 1251 561 1282 solidor
585 1247 725 1279 Redditus
742 1250 887 1279 annuatim
905 1257 957 1284 pro
977 1247 1095 1285 quadam
1113 1246 1250 1277 Portione

193 1292 381 1324 Decimarum
423 1293 452 1321 in
472 1289 606 1320 Parochia
622 1287 657 1318 de
677 1287 834 1327 Imughton
853 1287 883 1316 in
902 1286 1005 1317 eodem
1026 1285 1176 1316 Comitatu
1196 1295 1249 1315 no-

192 1332 250 1361 stro
269 1330 340 1361 Buks

227 1352 358 1399 Necnori
377 1369 474 1396 Decem
492 1365 591 1395 Solidos
602 1363 742 1395 Redditus
760 1364 905 1394 annuatim
923 1372 976 1402 pro
995 1362 1116 1400 quadam
1134 1361 1248 1392 Portio-

189 1417 226 1437 ne
254 1406 441 1437 Decimarum
467 1406 498 1436 in
524 1403 661 1434 Parochia
685 1403 721 1434 de
747 1402 865 1442 Wyllen
884 1403 913 1432 in
939 1401 1076 1441 praedicto
1095 1400 1246 1431 Comitatu

186 1445 261 1476 Buks

227 1469 274 1515 Ac²
291 1484 374 1515 etiam
401 1481 542 1521 quandam
569 1480 717 1511 annualem
737 1478 908 1510 Pensionem
935 1481 1044 1516 Viginti
1063 1481 1117 1508 Sex
1144 1477 1245 1507 Solido-

189 1531 249 1551 rum
267 1521 305 1557 ῤ’
323 1523 391 1551 Οὲἶα
411 1525 589 1551 Denariorum
603 1543 612 1557 ,
636 1529 685 1557 per
703 1517 809 1548 Manus
830 1519 948 1547 Rectoris
962 1517 994 1546 de
1016 1517 1174 1556 Bodyngton
1213 1526 1245 1547 ro

188 1568 321 1599 tempore
340 1559 479 1590 existentis
492 1582 501 1596 ‚
525 1559 670 1588 annuatim
688 1557 847 1587 solutorum
866 1557 898 1587 ὅτ.
917 1555 1117 1586 solvendorum
1134 1556 1163 1585 in
1211 1565 1245 1586 o·

189 1601 289 1632 mitatu
307 1599 404 1629 nostro
421 1597 576 1638 praedieto,

224 1638 271 1668 Ac
289 1637 431 1675 quandam
449 1635 609 1666 Annualem
627 1633 801 1664 Pensionem
820 1632 1020 1675 Quadraginta
1034 1631 1181 1662 Solidorum
1194 1642 1242 1663 an·

187 1677 297 1705 nuatim
313 1676 476 1706 exeuntium
490 1674 526 1704 de
541 1673 663 1703 Ecclesia
680 1673 716 1703 de
733 1672 824 1703 Aston
841 1673 870 1702 in
879 1671 1029 1703 Comitatu
1044 1670 1142 1702 nostro
1158 1671 1243 1702 War-

191 1715 289 1745 rewici
305 1713 459 1752 praediCm,

230 1752 275 1782 Ac
301 1753 388 1782 etiam
413 1753 561 1787 Sexaginta
587 1747 687 1780 Solidor
713 1747 856 1779 Redditus
881 1748 1025 1777 annuatim
1045 1757 1098 1784 pro
1122 1748 1244 1785 quadam

189 1790 328 1822 Portione
348 1789 534 1819 Decimarum
559 1790 589 1818 in
611 1788 747 1820 Parochia
772 1788 807 1818 de
827 1786 1008 1824 Lyndeforde
1026 1795 1108 1823 parva
1134 1788 1162 1816 in
1181 1786 1244 1817 Co-

188 1830 286 1860 mitatu
302 1828 375 1858 Buks
392 1827 542 1866 praediflo,

226 1867 272 1897 Ac
292 1866 400 1903 insuper
421 1866 517 1895 omnia
536 1866 569 1895 &
588 1864 690 1903 singula
715 1863 879 1901 Mesuagia,
903 1862 1020 1900 Terras,
1046 1863 1242 1901 Tenementa‚

190 1904 346 1940 Redditus,
364 1904 496 1940 Servitia,
515 1913 548 1933 ac
570 1901 810 1932 Haereditamenta
831 1900 926 1932 nostra
941 1902 970 1930 in
983 1901 1152 1941 Tyfkford,
1169 1901 1242 1931 Chi-

190 1943 287 1981 cheley
301 1965 310 1980 ,
333 1941 544 1980 Thyckthorn,
563 1940 832 1979 Newportpaynell,
852 1939 1002 1977 Bradweu,
1017 1940 1156 1978 Lrauley,
1175 1940 1242 1970 Ast-

188 1983 311 2018 woode,
325 1980 442 2019 W‘yllen
454 2004 462 2016 ,
483 1978 615 2016 Calcote,
631 1978 773 2014 Bothurst,
794 1977 978 2014 Lyndeforde
996 1986 1107 2016 magna,
1127 1978 1240 2017 Lynde-

189 2019 269 2049 forde
285 2028 383 2055 parva,
399 2017 554 2053 Wolston,
572 2016 725 2055 Sulburye,
743 2016 913 2054 Lougthon,
925 2014 1242 2056 Bodingtomsnering-

189 2064 259 2094 ton,
278 2056 408 2095 Ekeney,
427 2055 713 2093 Thorneboroughe,
734 2054 925 2093 Lystcombe,
941 2053 1092 2092 Fylgrave‚
1109 2054 1243 2093 Clyfton‚

189 2097 222 2126 ἕξ
245 2095 405 2134 Lathburye
427 2096 454 2124 in
475 2095 554 2124 dicio
578 2093 727 2123 Comitatu
750 2092 848 2122 nostro
870 2091 960 2128 Buks,
985 2102 1017 2122 ac
1041 2093 1069 2121 in
1097 2092 1189 2123 Aston
1208 2096 1241 2125 &

186 2133 413 2172 Byrmyngebam
434 2134 465 2163 in
487 2132 636 2162 Comitatu
657 2131 756 2161 nostro
773 2131 939 2161 Warrewici
954 2130 1108 2169 praedieto,
1127 2142 1191 2169 quae
1208 2132 1242 2162 ad

188 2171 292 2202 Manus
310 2171 416 2201 nostras
431 2172 537 2200 ratione
553 2170 698 2200 Praed'retae
717 2168 917 2199 Conviciionis
931 2168 1100 2199 Attinemrae
1117 2170 1149 2200 &
1159 2170 1244 2201 Con-

185 2210 392 2246 dempnariouis
411 2209 517 2246 praefati
537 2208 643 2238 Thomae
666 2207 821 2236 Cardinalis
846 2208 1020 2238 devenerunt
1043 2207 1088 2237 seu
1110 2208 1243 2239 devenire

187 2249 361 2285 debuerunt,
379 2257 461 2288 prout
481 2257 529 2286 per
550 2246 679 2285 quasdam
701 2245 911 2284 Inquisitiones,
930 2255 1028 2275 coram
1049 2245 1241 2278 Escaetoribus

188 2287 291 2317 nostris
313 2285 514 2317 Comitatuum
541 2285 744 2324 praedi6iorum
765 2286 801 2313 de
821 2283 922 2313 eisdem
939 2284 1088 2314 Praemissis
1101 2295 1192 2322 captas
1207 2288 1239 2317 ὃς

187 2327 216 2356 in
231 2324 431 2355 Cancellariam
447 2323 574 2354 nostram
587 2332 737 2354 retornatas
747 2345 756 2359 ,
773 2322 881 2359 plenius
892 2322 978 2359 liquet
991 2322 1026 2352 de
1041 2322 1196 2361 Recordo,

223 2362 295 2394 Una
317 2373 385 2394 cum
395 2362 497 2393 Feodis
507 2362 644 2398 Militum,
658 2361 754 2391 Curiis
763 2361 852 2396 Lens,
869 2360 927 2390 Vis.
939 2360 961 2388 F
964 2370 1038 2390 tanc.
1047 2360 1125 2399 Pleg.
1139 2362 1239 2400 Feriis,

188 2401 340 2438 Mercatis,
358 2401 560 2437 Portionibus,
577 2399 780 2435 pensionibus,
800 2398 1016 2434 Annuitatibus,
1035 2398 1239 2430 Advocationi-

189 2441 241 2470 bus
263 2439 470 2476 Ecclesiam,
488 2437 680 2473 Vicariarurn,
699 2436 890 2476 Capellarum,
909 2434 1103 2466 Cantariarum
1116 2460 1124 2473 ‚
1143 2438 1240 2469 Abba-

188 2479 308 2515 tiarum,
325 2477 522 2512 Prioratuum,
540 2474 750 2512 Hospitalium‚
770 2476 802 2505 ὅ(
823 2474 943 2504 aliorum
963 2473 1167 2505 Beneficiorum
1183 2476 1241 2506 Ec-

187 2516 404 2546 clefiasticorum
427 2523 692 2554 quorumcumque,
721 2512 850 2548 Villanis,
874 2511 1070 2549 Communiis,
1098 2512 1243 2552 Piscariis,

189 2555 224 2584 ὃ(
245 2554 300 2583 aliis
323 2553 374 2583 suis
395 2553 567 2592 pertinentiis
588 2552 780 2590 appendentiis
793 2552 826 2582 &
839 2549 1040 2587 Dependentiis
1054 2551 1238 2588 quibuscum-

187 2602 245 2630 que
260 2592 399 2629 praediStis
415 2591 565 2628 Maneriis,
584 2589 747 2628 Mesuagiis,
761 2589 875 2626 Terris,
891 2588 1092 2625 Tenementis‚
1110 2591 1142 2619 &
1155 2599 1240 2621 caete-

187 2633 223 2660 ris
246 2629 410 2667 Praemiffis,
430 2638 476 2660 aut
497 2638 596 2659 eorum
616 2629 697 2658 alicui
720 2627 852 2658 Par-cellae
872 2627 1074 2664 pertinentibus
1089 2626 1239 2666 spectanti-

188 2669 239 2700 bus
254 2669 298 2699 seu
313 2667 500 2706 quovismodo
514 2667 750 2705 appendentibus,

228 2706 367 2737 Habenda
388 2708 420 2738 δε
439 2706 576 2736 Tenenda
589 2707 684 2735 omnia
698 2707 731 2737 &
746 2704 847 2742 fingula
861 2703 997 2740 praedic‘la
1013 2703 1128 2742 Funda,
1147 2705 1239 2744 Sena,

187 2745 306 2783 Terras,
325 2745 467 2781 Circuita,
486 2745 518 2775 &
540 2743 698 2773 Praecinfta
719 2752 807 2780 nuper
829 2741 1070 2772 Monasteriorum
1084 2743 1138 2773 s1ve
1156 2744 1237 2775 Prio—

186 2792 298 2814 ratuum
312 2783 570 2820 praedi&orum,ac
588 2783 684 2812 omnia
698 2781 731 2812 &
747 2780 849 2818 singula
861 2780 994 2818 praedicia
1012 2779 1157 2820 Manena,
1168 2782 1235 2813 Me-

184 2821 291 2859 suagia,
316 2821 432 2856 Terras,
456 2821 660 2857 Tenementa,
690 2819 849 2854 Redditus,
874 2818 1078 2855 Reverliones‚
1102 2819 1236 2859 Servitia,

184 2858 336 2888 Pensiones
353 2882 361 2895 ‚
384 2858 536 2888 Portiones
550 2880 559 2895 ,
588 2857 779 2893 Annuitates,
806 2855 898 2886 Feoda
925 2855 1071 2893 Militum,
1096 2856 1236 2897 Villanos,

185 2896 313 2928 Narivos
352 2898 384 2927 &
401 2905 503 2926 eorum
518 2895 664 2932 Sequelas,
683 2894 893 2924 Advocationes
913 2892 1117 2932 Ecclesiarum,
1135 2896 1234 2928 Abb2-

186 2936 303 2971 tiarum,
322 2919 517 2970 stioratuum,
534 2932 743 2972 Hospitalium‚
762 2933 794 2962 &
816 2932 940 2962 aliorum
956 2932 1159 2964 Beneficiorum
1175 2935 1235 2967 Ec-

187 2972 406 3002 clefiasticorum
429 2981 696 3010 quorumcumque,
712 2981 745 3000 ac
760 2971 842 3000 etiam
856 2971 954 3000 omnia
969 2973 1001 3002 ὃς
1019 2971 1121 3009 singula
1137 2983 1236 3005 caetera

186 3010 330 3042 Praemissa
345 3019 412 3040 cum
421 3011 554 3040 omnibus
568 3009 602 3039 &
611 3009 720 3048 singulis
727 3008 778 3038 suis
786 3007 962 3039 pertinentiis
971 3009 1088 3046 praefaus
1096 3011 1228 3051 Epifiopo,

186 3049 291 3080 Thoniae
302 3071 310 3086 ,
330 3047 488 3086 Willielmo,
505 3045 658 3085 Williehno,
668 3046 805 3085 Johanni,
817 3046 942 3084 Roberto,
967 3047 1083 3085 Thomae,
1101 3051 1233 3089 Henrico,

188 3088 308 3124 rhama,
327 3088 360 3117 &
381 3085 507 3123 Johanm‘
517 3109 526 3123 ‚
542 3085 710 3115 Haeredibus
722 3087 754 3115 &
772 3085 919 3123 Affignatis
933 3086 984 3116 suis
1004 3087 1214 3125 imperpetuum
1224 3112 1234 3127 ‚

186 3126 220 3157 ad
237 3126 319 3162 Opus
333 3126 365 3155 &
378 3124 474 3154 Usum
487 3127 593 3153 Decani
608 3123 645 3158 &
658 3127 848 3155 canonicorum
862 3123 986 3161 Collegii
1005 3124 1091 3154 nostri
1104 3127 1132 3155 in
1150 3127 1235 3158 Alma

185 3164 342 3194 Academia
363 3163 417 3193 sive
438 3162 625 3193 Univenitate
643 3161 739 3191 Oxou.
757 3162 876 3199 Anglice
889 3163 982 3192 vocati
1000 3161 1124 3194 ΚΥΝΟΕ
1142 3164 1235 3195 Hau-

186 3211 234 3234 ω(
253 3210 321 3232 THE
340 3200 479 3231 Eion-rm
495 3199 663 3231 COLLEGE
683 3208 721 3229 m
738 3200 892 3236 OXFORD,
908 3200 941 3230 &
959 3200 1156 3231 Succefforum
1171 3205 1235 3234 suo-

186 3250 249 3270 rum
272 3242 478 3278 imperpetuum
493 3261 503 3276 ,
525 3240 626 3275 absque
646 3237 797 3275 Compoto
815 3242 860 3268 ieu
881 3238 975 3275 aliquo
995 3239 1050 3268 alio
1075 3239 1172 3271 Nobis
1189 3250 1237 3273 aut

187 3278 360 3310 Haeredibus
374 3276 474 3307 nostris
488 3276 553 3306 inde
567 3276 710 3305 reddendo
722 3275 858 3306 solvendo
871 3275 917 3307 seu
928 3277 1072 3315 iaciendo,

222 3316 269 3347 Eo
288 3315 367 3354 quod
384 3315 508 3353 expressa
526 3315 718 3353 menti0,&c.

223 3354 284 3384 Aut
302 3356 397 3391 aliquo
415 3354 540 3392 Statuto,
555 3354 618 3384 διε.

223 3391 258 3422 In
276 3393 370 3431 cujus,
388 3393 449 3424 &c.

42 1303 153 1343 *xm

38 1344 106 1375 4⁴6-

227 3466 314 3534 {este
336 3467 421 3505 Rege
434 3466 507 3507 apud
522 3466 795 3506 Wslmonasterium‚
812 3467 949 3499 vicefimo
963 3468 1084 3506 septimo
1098 3468 1158 3499 Die
1169 3468 1237 3508 Sep-

186 3513 244 3535 tem
266 3515 308 3534 ns·
827 3546 881 3573 Per
895 3544 975 3583 ipstcm
993 3547 1097 3582 Regemg

57 3691 111 3722 ὒν
480 3680 571 3721 Super
595 3674 817 3710 Deliberatione
831 3675 939 3722 sigilli.

45 3757 175 3835 Αιῐέιζῆἷ).
189 3758 230 3810 E
238 3756 269 3787 T

42 3837 84 3862 An

292 3757 514 3789 MEMORAN
527 3769 615 3791 DUM
635 3761 720 3800 quod,

247 3834 251 3839 ι
286 3796 429 3827 Vicefimo
450 3798 524 3827 sexto
546 3798 604 3829 Die
622 3798 767 3837 januarii,
784 3801 870 3828 Anno
879 3799 1028 3837 predata,
1047 3800 1115 3827 circa
1128 3799 1232 3827 Horam

89 3857 94 3861 .
112 3845 157 3870 ²4·
187 3837 294 3860 tertiam
312 3835 368 3873 post
392 3836 549 3872 Meridiem,
565 3842 593 3866 in
634 3838 732 3866 uadum
753 3840 866 3866 Camera
884 3845 963 3876 prope
985 3840 1139 3866 Oratorium
1157 3836 1233 3874 infra

40 3878 78 3936 g.
96 3872 127 3945 ΒῘ
187 3871 342 3935 llgtanterium
372 3872 438 3901 dicii
463 3872 585 3903 Domini
614 3849 708 3914 {Regis
731 3875 763 3904 de
783 3875 834 3915 Est
853 3875 1025 3905 Grenew'che
1043 3878 1072 3903 in
1095 3878 1232 3904 comitatu

66 3920 109 3937 lau
124 3933 129 3938 .
217 3917 252 3934 an
267 3918 316 3944 523

40 3957 85 3982 ²5-
103 3949 174 3978 H,8‚
224 3947 259 3973 In
278 3945 419 3984 praefintia
444 3947 580 3977 Nobilium
604 3952 740 3987 Virorum,
768 3950 898 3980 Thornae
920 3950 1010 3980 Ducis
1035 3949 1229 3988 Norstolciae‚

36 3995 74 4014 m.
84 3996 129 4022 ²4·
142 3989 170 4018 A,
185 3981 312 4014 Thomae
336 3982 473 4017 Crantnar
496 3985 588 4018 Electi
603 3986 821 4026 Cantuarienfis,
838 3988 967 4020 Thomae
984 3987 1111 4019 Comitis
1124 3988 1229 4020 Wilte-

655 97 1435 171 co-NVENTlo'NE&
1491 118 1882 169 LITERAE,

1281 210 1327 240 fiae
1344 230 1354 245 ,
1375 207 1510 244 Stephani
1531 206 1666 246 Episcopi
1689 206 1927 248 Wyntonienfis,
1949 206 2104 238 Willielmi
2125 204 2190 235 Fitz
2207 199 2338 246 William
2355 196 2433 228 Ann-
2442 196 2484 229 D.

1287 247 1389 277 Militis
1410 245 1584 284 Thesaurarii
1602 245 1721 286 Hospitii
1736 249 1847 276 Domini
1860 249 1955 284 Regis,
1974 245 2125 277 Willielmi
2142 242 2244 274 Poulei:
2260 238 2337 268 Mili·
2377 245 2462 277 1533.

1286 289 1321 315 tis
1335 284 1597 314 Contrarotulatoris
1611 295 1653 323 eju
1667 284 1727 314 dem
1746 287 1791 314 Ho
1802 287 1879 323 pitii,
1895 284 2024 315 Thomae
2039 282 2215 319 Crumwell,
2232 277 2340 309 Radul—
2359 280 2421 305 Hm.
2440 279 2466 305 ὀ.

1284 324 1332 363 phi
1347 322 1478 360 Paxhall,
1492 323 1628 359 johannis
1670 323 1756 361 roke,
1819 322 1959 360 Johannis
1974 323 2050 361 Judd

1323 360 1460 402 Praesbtus
1484 360 1632 392 Dominus
1654 362 1720 392 Rex
1742 364 1877 398 Magnum
1891 359 1972 398 ficum
1994 345 2114 397 Sigiflum
2131 382 2141 397 ‚
2166 362 2196 389 in
2218 354 2341 400 Custodia

1280 400 1396 438 prafati
1417 399 1546 430 Thomae
1570 399 1678 430 Audele
1719 407 1782 429 tunc
1797 398 1938 437 praefintis
1950 398 2079 438 existens,
2096 405 2178 427 extra
2193 401 2296 432 Bagam
2309 404 2340 422 τι*

1283 449 1337 477 qua
1357 440 1446 476 reponi
1463 436 1573 477 solebat
1594 446 1675 468 extra
1696 438 1881 474 imandavit,
1901 438 2105 476 extraflumque
2117 440 2146 465 in
2162 440 2266 465 Manus
2272 433 2340 472 suat

1283 475 1436 518 resi'cmpfit,
1455 475 1494 511 ὠ·
1500 484 1549 514 per
1556 477 1676 515 spatium
1693 477 1841 517 Quarterii
1853 478 1931 506 unius
1938 477 2022 505 Hom
2037 478 2068 504 in
2081 474 2211 504 Manibus
2216 473 2276 513 fiis
2286 472 2340 502 ibi-

1283 516 1342 545 dem
1362 518 1480 545 detinuit
1486 514 1630 554 palamque
1645 517 1802 552 tractavit,

1323 552 1343 572 ²*
1361 552 1443 591 Inde,
1459 552 1573 594 diversis
1583 553 1735 591 urgentibus
1749 552 1839 592 Caufis
1852 551 1891 586 (ἂι
1903 551 1996 582 multis
2009 550 2264 591 considerationibus
2276 561 2340 579 eun·
2352 547 2370 567 ⁴*
2382 551 2466 585 XXV-j

1282 592 1342 621 dem
1364 591 1530 622 Dominum
1552 590 1668 630 Regem
1688 592 1872 628 moventibus,
1885 598 1965 628 prout
1985 597 2048 620 tunc
2061 588 2154 627 apertex
2166 589 2339 626 declaravit,
2354 597 2420 625 447.

1281 630 1350 659 idem
1377 630 1525 661 Dominus
1547 629 1611 659 Rex
1625 628 1710 670 fidele
1734 628 1893 669 Obfiquium
1914 627 2025 668 praefati
2042 628 2170 658 Thomae
2194 627 2339 666 Audeley,

1281 667 1354 709 quod
1369 671 1398 697 in
1421 667 1514 706 Officio
1526 667 1643 708 Custodi:
1657 670 1757 704 Magni
1773 666 1858 704 Sigilli
1873 671 2008 705 exercuit,
2024 672 2171 706 gratanter
2185 673 2342 704 acceptans,

1283 706 1395 736 eundem
1419 706 1571 737 Thomam
1594 705 1721 745 Audeley
1741 705 1937 736 cancellarium
1952 705 2034 746 sicum
2049 703 2162 743 Angliae
2173 705 2213 734 ad
2223 711 2287 734 tunc
2302 703 2341 740 &-

1283 745 1379 775 ibidem
1393 745 1526 785 constituit
1539 743 1578 780 &
1593 745 1753 782 ordinavit,
2120 774 2123 776 ,

1323 782 1488 814 Habendum
1509 795 1568 813 cum
1589 782 1707 813 omnibus
1728 783 1834 819 Feodis,
1857 781 1986 820 Juribus,
2010 784 2240 819 Praeeminentiis‚
2259 779 2346 820 Profi-

1287 825 1375 897 ‘'uis's
1383 822 1635 890 Cgmmozlitatibus,
1661 821 1700 857 ὠ·
1722 820 1916 852 Emolumentis
1937 821 2019 851 eidem
2038 821 2131 860 Officio
2146 819 2344 858 pertinentibus

1295 871 1340 889 1ve
1382 872 1395 889 e
1425 864 1484 890 anti
1503 871 1532 889 us

1278 861 1300 901 J
1325 868 1381 928 A?
1393 898 1487 930 eidem
1511 882 1639 929 Tlaomae
1663 901 1795 935 Magnum
1814 897 1934 934 Sigillum
1956 900 2064 934 Regium
2080 897 2240 936 praedic3u7n
2264 895 2345 936 custo-

1290 937 1416 967 diendum
1426 940 1522 966 iterum
1537 937 1656 966 tradidit
1666 935 1705 972 ὠ·
1719 935 1900 972 deliberavit,

1326 977 1369 1004 Et
1402 983 1463 1013 uper
1487 975 1534 1005 hoc
1553 973 1687 1013 praefatus
1706 973 1852 1004 Dominus
1865 973 2053 1003 Cancellarius
2066 973 2176 1012 Angliae
2190 977 2289 1004 Curam
2304 972 2343 1008 &

1290 1013 1365 1052 Custo
1386 1018 1440 1044 iam
1463 1013 1529 1043 didi
1548 1013 1632 1050 Sigilli
1652 1016 1680 1042 in
1704 1016 1736 1042 Se
1750 1020 1814 1042 tunc
1827 1011 1865 1047 ὠ·
1881 1012 1976 1041 ibidem
1990 1015 2132 1048 reaccepit,
2148 1011 2186 1046 ὠ-
2200 1013 2343 1049 quoddam

1289 1052 1377 1082 Breve
1393 1053 1427 1082 de
1446 1052 1594 1089 Subpoena
1607 1051 1840 1089 cuidamJohanni
1855 1049 1970 1080 Gilbert
1987 1050 2128 1086 a'ireHum,
2148 1053 2176 1078 in
2191 1050 2343 1088 Praefi’ntia

1287 1090 1495 1165 jiHifDomini
1513 1090 1601 1130 Regis
1616 1089 1655 1126 ὠ·
1671 1089 1785 1120 aliorum
1790 1087 1968 1128 praefatorum
1982 1087 2120 1117 Nobilium
2136 1090 2260 1117 Virorum
2266 1088 2345 1127 figil-

1298 1139 1341 1157 ari
1369 1136 1437 1165 ecit,

1327 1164 1469 1208 Posteaque
1488 1166 1608 1205 Sigillum
1631 1165 1701 1196 illud
1720 1170 1749 1196 in
1766 1169 1845 1203 Baga
1858 1165 1987 1203 praeditf't'a
2004 1165 2133 1204 repofiiit,
2149 1164 2288 1205 Sigilloque
2295 1163 2348 1203 fito

1285 1210 1386 1243 proprio
1408 1209 1514 1241 Bagam
1536 1205 1614 1235 illam
1634 1205 1800 1245 consignavit
1825 1204 1862 1239 (ἐν
1884 1212 1963 1242 penes
1985 1207 2016 1233 Se
2040 1207 2155 1232 retinuit
2228 1207 2347 1240 retinet,

1280 1244 1369 1284 fitque
1392 1244 1512 1281 Sigillum
1526 1245 1683 1282 praediae'lum
1703 1247 1732 1273 in
1749 1242 1870 1282 Custodia
1878 1242 1993 1282 prefati
2009 1242 2137 1274 Thornae
2152 1253 2221 1271 nunc
2237 1240 2348 1272 Cancel-

1287 1282 1352 1312 larii
1371 1282 1484 1320 Angliae
1497 1282 1626 1323 remansit
1640 1281 1678 1318 &³
1692 1288 1821 1312 remanet.
2338 1282 2341 1285 ”

1288 1414 1376 1450 Bulla
1400 1427 1456 1463 pro
1477 1414 1621 1463 Johanne
1647 1418 1733 1456 Scot,
1761 1418 1893 1462 quisine
1911 1413 1980 1448 Cibo
1998 1418 2034 1454 φ’
2057 1418 2132 1450 Pom
2143 1426 2198 1462 per
2219 1417 2345 1448 Centum

1622 1468 1657 1503 εὐ·
1677 1468 1739 1499 Sex
1760 1467 1835 1498 Dm
1862 1467 1997 1498 vixerat.

1482 1549 1658 1598 Registrata
1681 1551 1713 1584 in
1737 1550 1900 1586 Secretaria
1925 1549 2131 1598 Apostolica‚

1828 1638 1875 1672 T.

1284 1727 1446 1778 CLemens
1465 1724 1607 1766 Epifiopur
1619 1728 1719 1756 Servus
1733 1728 1878 1756 Servorum
1891 1727 1965 1763 Dei,
1984 1723 2103 1756 Dileero
2118 1724 2193 1755 Filio
2235 1725 2338 1755 ohanni
2356 1731 2486 1764 Ann,1);

1277 1799 1300 1829 B
1347 1763 1523 1832 ὁέἒιὶ-Εείεο
1547 1764 1722 1804 Glasguenfis
1745 1763 1903 1801 Dioecefis,
1931 1763 2056 1794 Salutem
2080 1765 2114 1795 δι
2135 1763 2213 1801 Apol
2229 1765 2336 1795 olicam
2381 1780 2466 1810 1533,

1302 1811 1354 1832 ene
1376 1813 1381 1831 1
1415 1811 1521 1832 ionem.
2352 1814 2404 1838 An.
2421 1821 2434 1838 2
2460 1812 2480 1839 g

1317 1839 1392 1869 Tuae
1415 1840 1590 1871 Devotionis
1602 1840 1779 1877 exigentibus
1795 1839 1908 1869 Meritis
1924 1839 2087 1870 inducimur
2102 1847 2134 1870 ut
2148 1841 2199 1878 piis
2216 1839 2336 1871 Petitio-
2354 1852 2388 1875 H.
2409 1822 2456 1876 εἶ’

1279 1877 1362 1907 nibus
1376 1879 1428 1908 tuis
1446 1887 1582 1917 quantum
1598 1888 1666 1908 curn
1682 1877 1750 1908 Deo
1767 1877 1913 1915 possumus
1926 1877 2115 1909 favorabiliter
2127 1888 2300 1916 annuamus;
2353 1893 2391 1915 Ex
2407 1891 2465 1915 A...

1317 1914 1396 1946 Cum
1418 1917 1529 1954 itaque,
1548 1917 1618 1947 ficut
1636 1917 1718 1946 nobis
1741 1925 1828 1953 nuper
1848 1917 1952 1954 exponi
1977 1917 2068 1946 fecisti
2090 1917 2168 1954 alias,
2186 1916 2335 1955 postquam
2349 1934 2416 1963 togr.

1280 1952 1313 1983 ad
1337 1955 1542 1985 nonnullorum
1560 1953 1749 1985 AEmulorum
1771 1956 1804 1986 ὅ(
1827 1954 2058 1986 Adversariorum
2072 1963 2205 1992 tuorum,
2223 1956 2256 1985 ad
2273 1965 2335 1986 cer-

1281 2000 1319 2022 tas
1340 1993 1443 2024 Terras
1458 1994 1490 2025 &
1509 1993 1695 2024 Poffessiones
1713 1993 1764 2023 tibi
1779 1992 1847 2032 Jure
1862 1992 2051 2023 Haereditario
2066 1995 2236 2032 pertinentes
2251 1994 2334 2032 Aspi-

1280 2032 1402 2061 rantium
1426 2042 1458 2062 ac
1473 2032 1527 2062 'illis
1549 2032 1762 2062 Adhaerentium
1774 2054 1782 2069 ,
1800 2032 1942 2061 nonnullis
1958 2042 2006 2069 per
2022 2041 2070 2062 eos
2083 2040 2182 2063 contra
2199 2040 2227 2062 te
2242 2033 2334 2062 conii-

1280 2068 1331 2098 etis
1355 2069 1452 2100 Cauiis
1469 2069 1639 2100 Carceribus
1652 2071 1844 2107 mancipatus,
1864 2071 1897 2101 &
1912 2072 1940 2100 in
1955 2070 2007 2100 illis
2020 2070 2149 2101 detentus
2162 2080 2210 2110 per
2224 2073 2336 2110 triginta

1280 2114 1334 2138 tres
1351 2107 1422 2139 Dies
1437 2108 1541 2148 absque
1554 2109 1633 2139 Cibo
1650 2110 1682 2140 ὃ(
1700 2108 1774 2138 Potu
1793 2108 1838 2138 seu
1855 2107 2060 2139 Consolatione
2073 2109 2213 2146 humana,
2231 2110 2275 2140 sed
2289 2112 2332 2140 so-

1279 2147 1340 2176 lum
1358 2157 1373 2176 a
1388 2147 1519 2177 Domino
1531 2146 1631 2177 nostro
1644 2145 1715 2186 Jefie
1733 2146 1834 2186 christo
1846 2147 1880 2177 &
1894 2149 1951 2185 ejus
1961 2147 2091 2178 Gloriosa
2105 2148 2254 2178 Genitrice
2270 2150 2336 2179 bea-

1279 2193 1307 2214 ta
1332 2189 1431 2215 Maria
1453 2189 1580 2224 Virgine,
1597 2195 1630 2215 ac
1652 2185 1758 2215 Sancsto
1771 2187 1898 2215 Nuvano
1920 2185 2046 2224 Epfiopo
2069 2187 2102 2217 ὃς
2118 2186 2290 2217 Confessore
2305 2188 2335 2218 iri

1279 2223 1409 2254 Partibus
1422 2224 1473 2254 illis
1487 2225 1575 2254 indies
1591 2223 1738 2254 Miraculis
1750 2223 1875 2262 fulgente
1892 2222 2081 2261 ConsolaruS,
2099 2224 2299 2264 permanseres,

1318 2261 1355 2292 Et
1377 2263 1492 2293 tandem
1512 2272 1579 2293 curn
1601 2263 1635 2291 ab
1651 2261 1810 2300 hujusmodi
1824 2261 1994 2293 Carceribus
2010 2262 2178 2300 Relaxatus,
2198 2262 2334 2302 Ciboque

1279 2301 1311 2332 ὃ(
1324 2299 1402 2330 Potu
1417 2300 1554 2331 Refectus
1567 2300 1673 2337 fuisses,
1693 2310 1726 2329 ac
1740 2301 1810 2330 dieti
1825 2299 1939 2329 AEmuli
1961 2302 1994 2330 &
2013 2300 2169 2330 Adversarii
2185 2309 2212 2331 te
2227 2302 2330 2332 arctius

1278 2338 1528 2377 prosequerentur,-
1547 2346 1576 2368 tu
1593 2339 1694 2368 timens
1706 2337 1757 2368 tibi
1774 2339 1809 2368 ab
1825 2339 1862 2367 eis
1877 2336 2009 2368 Mortem
2023 2338 2133 2377 inferri,
2153 2348 2230 2370 metu
2246 2339 2332 2370 Mor-

1278 2378 1312 2406 tis
1327 2377 1459 2415 coactus,
1476 2378 1510 2407 ad
1527 2375 1720 2415 Monasterium
1734 2379 1762 2405 S.
1776 2379 1864 2405 Crucis
1880 2375 1998 2406 Ordinis
2011 2376 2041 2406 S*
2055 2376 2205 2415 Augustini
2219 2378 2247 2407 S.
2265 2379 2330 2408 An·-

1281 2415 1357 2445 dreae
1373 2414 1514 2445 Dicecefis
1531 2425 1560 2444 ut
1577 2413 1769 2444 Ecclesiastica
1785 2414 1966 2444 Immunitate
1981 2415 2111 2454 gauderes
2125 2416 2249 2454 refugere
2265 2427 2333 2447 coa·

1279 2453 1341 2484 stus
1361 2453 1461 2491 fueris,
1479 2455 1512 2484 ὃς
1534 2453 1603 2482 inibi
1625 2452 1771 2482 Auxilium
1794 2453 1877 2490 ipfius
1902 2452 2026 2483 Domini
2044 2453 2132 2483 nostri
2146 2453 2219 2494 Jefii
2233 2455 2331 2494 christi

1278 2492 1312 2521 &
1333 2491 1497 2521 Beatissimae
1518 2493 1635 2527 Virginis
1656 2492 1759 2519 Mariae
1778 2491 1834 2527 ejus
1857 2490 2036 2530 Genetricis,
2055 2501 2089 2522 ac
2111 2494 2216 2531 praefati
2234 2493 2330 2524 Sancti

1277 2531 1414 2567 Nuvam',
1434 2530 1461 2559 in
1484 2530 1583 2567 quibus
1603 2527 1715 2558 firmam
1740 2527 1838 2558 Fidem
1863 2529 1970 2566 semper
1983 2531 2122 2568 habebas,
2140 2539 2170 2561 ut
2187 2532 2221 2560 ab
2236 2532 2330 2570 hujus-

1277 2568 1357 2598 modi
1379 2567 1527 2604 Angustiis
1547 2568 1580 2597 &
1602 2566 1847 2597 Tribulationibus
1858 2567 2011 2598 liberareris
2024 2568 2126 2599 devote
2141 2571 2308 2600 invocando
2319 2593 2330 2609 ,

1275 2606 1380 2675 }bsque
1405 2605 1484 2636 Cibo
1503 2607 1536 2637 ὅτ
1555 2604 1630 2636 Potu
1651 2605 1777 2635 humano
1796 2615 1844 2645 per
1866 2609 1978 2636 Centum
1991 2606 2029 2641 ώ-
2047 2610 2100 2637 Sex
2116 2610 2184 2637 Dies
2200 2618 2332 2645 perman-

1286 2655 1354 2682 ens,
1444 2680 1447 2684 ⁴

1314 2683 1352 2714 Et
1372 2684 1486 2714 interim
1497 2706 1504 2720 ,
1525 2683 1543 2713 si
1564 2683 1599 2712 ab
1611 2683 1771 2721 hujusmodi
1788 2682 1932 2722 Angustiis
1948 2684 1981 2714 &
1998 2683 2245 2715 Tribulationibus
2259 2684 2330 2716 libe-

1275 2723 1368 2753 rareris
1383 2745 1392 2760 ,
1419 2733 1446 2753 te
1475 2720 1662 2760 Sepulchrum
1690 2721 1884 2752 Dominicum
1909 2721 2171 2760 Jerosolimitanum
2191 2733 2224 2753 ac
2251 2723 2331 2754 Loca

1274 2761 1372 2792 Terrae
1387 2761 1515 2798 Sanctae,
1535 2770 1646 2791 necnon
1664 2759 1778 2797 Corpus
1791 2762 1824 2792 &
1841 2759 1984 2798 Reliquias
1999 2760 2081 2798 ipfius
2098 2762 2192 2790 Sancti
2208 2762 2328 2791 Nuvam'

1274 2801 1302 2830 in
1319 2800 1442 2830 Ecclesia
1457 2798 1594 2829 Candidae
1611 2798 1690 2828 Casae
1708 2800 1868 2836 recondita,
1889 2798 2060 2829 Devotionis
2075 2800 2107 2829 &
2125 2798 2327 2837 Peregrinatio-

1273 2839 1315 2869 nis
1339 2837 1432 2882 Causi
1454 2837 1651 2875 visitaturum,
1672 2837 1705 2868 &
1727 2847 1787 2868 non
1807 2836 1936 2869 Carnem
1952 2846 2006 2867 nec
2026 2836 2120 2867 Pisces
2133 2837 2327 2869 comesturum

1273 2887 1384 2908 vovens

1311 2916 1355 2946 Ac
1375 2899 1457 2953 pbulo
1469 2913 1532 2954 post
1547 2913 1695 2945 Relaxatus
1713 2915 1745 2945 &
1760 2916 1800 2944 ire
1814 2923 1873 2954 quo
1886 2913 1988 2951 velles,
2004 2912 2193 2951 Licentiatus,
2212 2912 2324 2953 statim,

1272 2954 1365 2984 adhuc
1385 2953 1564 2992 Jejunando,
1582 2951 1696 2990 Corpus
1715 2952 1898 2990 &Reliquias
1909 2951 1979 2981 dieti
1994 2952 2089 2981 Sanft'i
2103 2953 2225 2989 Nuvani
2237 2954 2266 2982 in
2283 2953 2325 2983 di-

1272 2993 1318 3022 &a
1337 2992 1461 3023 Ecclesia
1476 2990 1615 3022 Candidae
1636 2991 1715 3022 Casae
1736 3001 1751 3020 a
1765 2991 1847 3020 dieto
1863 2989 2042 3020 Monasterio
2055 2999 2104 3029 per
2117 2989 2246 3021 Centum
2264 2991 2327 3022 Mi-

1271 3031 1345 3061 liaria
1367 3031 1411 3061 vel
1433 3032 1509 3061 circa
1531 3030 1648 3060 distante
1665 3029 1833 3067 visitaveris,
1846 3038 1878 3058 ac
1894 3028 2080 3067 postmodum
2096 3027 2208 3059 Cibum
2221 3031 2254 3060 &
2268 3030 2327 3061 Po-

1272 3077 1334 3100 tum
1356 3068 1512 3107 sumpsisses
1534 3068 1719 3098 Confortatus
1736 3066 1791 3104 Iter
1803 3075 1884 3098 tuum
1901 3066 1992 3098 versus
2009 3066 2117 3097 distum
2134 3066 2322 3105 Sepulchrum

1272 3107 1467 3138 Dominicum
1485 3106 1745 3144 Jerosolimitanum
1768 3115 1816 3143 per
1840 3104 1978 3144 Regnum
2003 3105 2133 3144 Angliae,
2158 3108 2206 3137 ubi
2230 3107 2322 3143 plures

1272 3146 1455 3176 Advenitates
1476 3144 1566 3182 pass'us
1586 3143 1678 3183 fuisti,
1694 3145 1855 3182 arripueris,
1875 3144 1907 3174 ὅτ
1924 3144 2007 3182 usque
2022 3143 2055 3174 ad
2070 3143 2187 3174 Almam
2203 3143 2319 3175 Urbem

1270 3186 1298 3214 in
1317 3194 1371 3222 qua
1385 3184 1420 3214 de
1437 3183 1565 3222 praesenti
1578 3182 1666 3213 existis
1679 3183 1894 3221 continuaveris,
1912 3181 2081 3220 votumque
2095 3182 2255 3220 hujusmodi
2269 3184 2321 3214 de-

1270 3223 1368 3253 fideres
1380 3221 1533 3258 adimplere
1549 3221 1567 3250 si
1581 3222 1631 3250 tibi
1648 3221 1773 3251 Licentia
1787 3221 1882 3251 nostra
1893 3220 2008 3259 desuper
2020 3221 2198 3259 suffragetur,

1308 3261 1394 3300 Nos,
1412 3261 1491 3298 pium
1507 3258 1687 3289 Defiderium
1701 3268 1781 3290 tuum
1795 3258 1954 3297 hujusmodi
1966 3260 1994 3288 in
2010 3258 2145 3289 Domino
2158 3259 2323 3290 Commen-

1273 3299 1382 3336 dantes,
1401 3299 1453 3330 tuis
1473 3299 1501 3328 in
1525 3297 1577 3328 hac
1596 3307 1670 3334 parte
1694 3297 1950 3336 Supplicationibus
1974 3297 2120 3334 inclinati,
2134 3298 2199 3327 Tibi
2221 3300 2253 3329 δε
2268 3300 2322 3326 Uni

1272 3337 1399 3377 Religiosiz
1420 3337 1455 3368 de
1476 3336 1602 3366 Licentia
1614 3334 1768 3373 Superioris
1782 3337 1842 3374 sui,
1862 3337 1895 3366 δε
1909 3335 1964 3364 alio
1977 3338 2051 3365 Scoio
2068 3338 2219 3373 Interprete
2233 3336 2322 3365 Sociis

1272 3379 1324 3407 tuis
1344 3385 1392 3406 oer
1414 3384 1440 3406 te
1453 3374 1601 3413 eligendis,
1619 3373 1788 3409 Sepulcrum
1802 3373 2001 3404 Dominicum
2013 3373 2272 3413 jerosolimitanum
2286 3374 2320 3403 ὃς

1271 3415 1321 3445 alia
1334 3411 1354 3434 *
1374 3422 1549 3452 quaecunque
1564 3413 1642 3442 Loca
1657 3412 1757 3442 Terrae
1774 3412 1886 3442 Saneiae
1900 3412 2059 3450 hujusmodi
2082 3411 2255 3450 personaliter
2268 3411 2295 3441 V
2298 3413 2320 3441 i-
2337 3423 2355 3443 a*
2368 3422 2436 3454 le

1273 3453 1386 3488 fitandi,
1403 3453 1436 3482 &
1455 3461 1518 3490 quae
1539 3460 1590 3489 pro
1612 3450 1776 3491 hujusmodi
1791 3450 1958 3481 Vifitatione
1973 3449 2121 3480 necessaria
2133 3457 2213 3479 erunt
2227 3450 2319 3480 vobis-
2336 3465 2402 3499 443.
2439 3449 2449 3457 ⁹

1274 3501 1342 3521 cum
1365 3489 1538 3527 Deferendi,
1556 3489 1672 3519 liberam
1692 3488 1859 3520 auetoritate
1879 3488 2043 3527 Apostolicfi
2062 3488 2181 3518 Tenore
2194 3486 2318 3519 Praesen-

1272 3530 1343 3560 tium
1358 3529 1519 3559 Licentiam
1535 3529 1731 3567 impartimur,

1274 3574 1277 3575 ’
1308 3567 1346 3598 Et
1365 3568 1564 3603 nihilominus,
1581 3574 1611 3596 ut
1634 3565 1690 3596 Iter
1713 3575 1794 3596 tuum
1816 3565 1995 3604 hujusmodi,
2010 3564 2044 3595 ad
2064 3562 2141 3602 quod
2155 3562 2318 3597 faciendum

1273 3607 1345 3635 vires
1366 3614 1423 3636 tuae
1446 3614 1476 3636 ut
1496 3615 1510 3635 a
1526 3604 1686 3644 Fidedignis
1703 3605 1869 3642 accepimus
1880 3614 1938 3634 non
1951 3604 2116 3641 suppetunt,
2135 3601 2241 3632 facilius
2254 3613 2320 3641 pro-

1271 3645 1346 3683 sequi
1366 3645 1469 3682 valeas,
1486 3643 1624 3674 universos
1649 3643 1681 3673 &
1697 3643 1817 3681 singulos
1834 3643 1957 3672 Abbates
1971 3640 2082 3684 Priores
2096 3641 2129 3669 &
2147 3638 2317 3674 Conventus

1272 3681 1513 3712 Monasteriorum
1545 3681 1715 3711 Domorum
1735 3682 1768 3711 δε
1787 3680 1906 3710 aliorum
1933 3677 2142 3717 Religiosorum
2167 3677 2316 3712 Locorum

1272 3720 1416 3751 Ordinum
1439 3729 1690 3759 quorumcunque,
1708 3726 1812 3750 attente
1831 3717 1996 3754 requirimus
2011 3716 2043 3746 &
2059 3714 2224 3756 hortamur,
2241 3719 2315 3750 nihi-

1271 3758 1394 3788 lominus
1419 3758 1449 3787 in
1480 3758 1689 3788 Remiffionem
1718 3756 1903 3788 Peccatorum
1925 3754 2040 3784 suorum
2059 3754 2096 3783 eis
2119 3753 2315 3797 Iniungenres‚

1270 3797 1407 3834 quatenus
1420 3804 1449 3826 te
1468 3798 1503 3829 δε
1512 3796 1613 3826 Socios
1627 3805 1689 3825 tuos
1703 3803 1762 3825 tam
1779 3793 1883 3836 Eundo
1897 3792 1983 3829 quam
2000 3791 2159 3835 Redeundo
2173 3796 2202 3824 in
2217 3805 2316 3827 eorum

1272 3833 1453 3864 Monasteriis
1466 3837 1497 3866 &
1514 3835 1601 3865 Locis
1616 3834 1736 3872 benigne
1752 3832 1887 3869 recipiant
1902 3831 1935 3861 &
1950 3831 2095 3860 caritative
2110 3832 2246 3871 wadient,

1305 3872 1340 3902 Et
1361 3874 1467 3906 insuper
1484 3873 1520 3903 de
1539 3870 1754 3911 Omnipotentis
1769 3869 1826 3899 Dei
1842 3867 2037 3898 Misericordia
2050 3878 2083 3898 ac
2095 3868 2244 3902 Beatorum
2260 3872 2315 3903 Pe-

1269 3913 1303 3941 tri
1318 3911 1350 3941 &
1368 3910 1445 3941 Pauli
1461 3911 1666 3949 Apostolorum
1683 3910 1742 3947 ejus
1753 3906 1918 3937 auctoritate
1932 3905 2044 3949 confisi,
2061 3914 2118 3937 tam
2134 3908 2237 3940 eisdem
2252 3911 2315 3940 Ab.

1268 3949 1377 3979 batibus
1392 3948 1537 3979 Prioribus
1551 3950 1583 3979 ὃ(
1599 3947 1744 3985 Religiofis
1759 3944 1846 3987 quarn
1860 3945 1992 3974 omnibus
2005 3946 2036 3975 ὃ(
2053 3946 2162 3984 lingulis
2176 3948 2316 3986 utriusque

1266 3985 1357 4020 Sexus
1374 3986 1483 4018 Christi
1499 3986 1646 4018 Fidelibus
1661 3986 1728 4016 vere
1744 3982 1948 4014 poenitentibus
1962 3984 1995 4015 &
2008 3982 2168 4024 Confeffis,
2182 3985 2225 4016 seu
2239 3986 2316 4055 ἔτο-

2197 4033 2239 4062 po
2260 4032 2321 4056 tum

1925 1649 1995 1673 οε
2044 1639 2337 1673 Tonans.
