2542 4274
59 233 137 265 Arm.
152 232 196 265 Di

87 280 169 310 1575-

70 320 113 346 ¹7-
129 312 198 340 Eliz..

104 353 163 386 Reg.

94 1705 113 1723 ’θ
130 1709 197 1736 xv.

119 1756 185 1782 744·

111 2727 192 2759 ZAnn.
208 2723 249 2754 D.

121 2772 217 2839 zifftigss

111 2849 253 2877 ⁴12.m.17.

122 3601 202 3633 'Ann.
215 3600 256 3632 D.

145 3649 228 3708 ¹323·

802 148 910 191 ET
986 144 1255 195 ,ACTA

222 240 380 310 DGemgius
408 234 536 276 Johnfhn
562 235 574 274 ζ
618 234 653 265 ad
686 235 839 265 Reb't'oriam
871 235 903 265 de
934 234 1072 272 Hilburgh
1107 232 1279 262 Norwicen.

255 288 429 360 1,Ιῗῖςιὲηήῐίιις
445 315 532 351 Byam
543 335 551 350 ,
569 311 604 342 ad
620 312 773 342 Reeioriam
791 312 822 341 de
836 312 955 342 Luckom
971 311 1093 342 Bathon.
1109 310 1142 341 ὃς
1157 306 1285 338 Wcllen.

224 355 379 421 Dssleyssffls
399 388 546 427 Davilbn,
565 388 600 419 ad
621 391 649 418 V
649 391 761 418 icariam
776 389 808 417 de
823 376 971 426 Houg'hton
992 384 1243 417 DunolmDioec.

263 429 409 469 Johannes
423 430 560 465 Kington,
579 427 612 457 ad
627 429 762 456 Vicariam
776 428 884 456 Sanaae
906 429 1053 457 Trinitatis
1076 423 1152 463 infra
1175 424 1284 451 Civita-

225 476 280 499 tem
293 472 423 497 Coventr.
439 465 552 496 Coven.
565 466 597 496 δε
617 464 698 495 Lich.
715 464 815 494 Dioec.

267 506 369 537 David
384 504 538 542 PVylliams,
557 504 591 533 ad
604 506 738 532 Vicariam
754 503 786 531 de
808 501 915 541 Preston
930 501 1037 532 Bristo'l.
1053 501 1155 530 Dioec.

266 543 429 590 Humfridus
448 542 554 572 Fowler
572 564 582 579 ,
619 540 653 571 ad
678 541 829 570 Rebloriam
855 542 887 570 de
910 540 989 571 Stoke
1015 538 1090 576 Afhe
1115 536 1285 568 Norwicen.

228 584 417 691 Igffocljannes
450 618 552 660 Fynche
579 640 590 656 ,
634 616 668 646 ad
711 619 739 646 V
739 620 851 646 icarium
880 617 912 646 de
937 614 1085 655 'Estilbury
1116 613 1290 644 Norwicen.

266 671 408 743 &iherus
432 695 510 736 Gyles
527 718 537 734 ,
575 692 611 724 ad
633 695 661 723 V
663 696 776 723 icarium
804 693 835 722 de
860 693 987 731 Radway
1013 691 1127 722 Coven.
1153 690 1186 720 ὅ(
1207 686 1289 718 Lich.

228 736 424 812 Dllczzacasulphus
443 771 568 811 Tomlyn,
586 770 620 800 ad
638 771 790 800 Reizoriam
812 769 843 798 de
861 768 984 807 Aspiden
1002 767 1137 797 Lincoln.
1155 764 1256 795 Dioec.

270 814 384 843 Thomas
398 812 504 848 Broke,
520 810 554 840 ad
569 812 596 839 V
597 812 708 838 icariam
723 808 754 836 de
770 806 891 845 Suppeley
907 808 1041 838 Winton,
1059 806 1162 836 Dioec.

269 853 385 883 Thomas
402 850 501 886 wake,
516 848 551 878 ad
571 848 724 877 Rec‘loriam
736 845 767 874 de
785 845 924 886 anftld
941 845 1040 875 Sarum
1062 843 1161 873 Dioec.

271 889 432 936 Edwardus
464 890 566 915 Fenton
583 909 592 923 ,
630 885 665 914 ad
694 884 846 914 Rec‘loriam
876 885 934 913 den„
947 882 1093 920 Langham
1118 879 1294 910 NorWicen.

233 929 388 997 Dlffngrnas
401 963 494 1003 Hyde,
511 961 545 992 ad
561 962 711 990 Refloriam
726 961 757 990 de
767 958 920 998 Cranesord
933 958 1069 989 London.
1086 958 1190 988 Dioec.

273 1004 382 1047 Hopkin
397 1006 527 1040 Davyes,
543 1000 577 1030 ad
593 1001 745 1030 Rec‘loriam
760 999 791 1028 de
807 1003 906 1028 Bettus
925 996 1074 1036 Gwervyll
1085 995 1166 1026 Goth.
1186 992 1298 1025 Landa-

233 1042 583 1121 veJaEiaectiescLawrence,
602 1076 637 1107 ad
654 1078 805 1106 Reaoriam
824 1075 856 1105 de
869 1073 996 1111 Radipole
1016 1072 1136 1103 Bristoll.
1160 1072 1261 1102 Dioec.

274 1120 389 1151 Thomas
408 1122 559 1154 Foreman,
584 1116 619 1145 ad
640 1117 668 1143 V
667 1118 778 1144 icarium
795 1114 826 1143 de
844 1113 1008 1143 Humhleton
1026 1111 1158 1141 Eborum
1180 1109 1284 1139 Dioec.

278 1158 422 1197 Johannes
438 1154 552 1192 Tayler,
567 1154 601 1184 ad
620 1157 647 1183 V
650 1155 760 1182 icarium
774 1153 806 1181 de
820 1151 947 1182 Anrwell
960 1150 1089 1181 London.
1108 1149 1209 1179 Dioec.

275 1196 421 1235 Johannes
436 1194 571 1231 Chepman
581 1216 589 1230 ,
607 1192 641 1222 ad
658 1193 810 1220 Rec‘loriam
826 1191 857 1219 de
871 1192 1000 1226 Laugton
1016 1187 1133 1218 Bristoll.
1155 1186 1257 1216 Dioec.

275 1235 391 1265 Thomas
408 1232 526 1271 Collyns,
547 1231 581 1262 ad
599 1233 626 1259 V
628 1233 739 1260 icarium
755 1229 785 1258 de
801 1228 932 1267 Brackley
949 1228 1144 1262 Petriburgen.
1161 1224 1265 1254 Dioec.

279 1271 496 1317 ¹Bartholomaeus
517 1269 625 1299 Palmer
647 1292 657 1306 ,
695 1268 730 1298 ad
750 1268 901 1297 Refloriam
927 1266 959 1295 de
988 1267 1030 1295 W
1023 1262 1186 1304 ydeworthy
1208 1261 1302 1291 Exon.

242 1312 426 1394 Dffislzaannes
458 1347 602 1378 Androwe
620 1369 630 1385 ,
666 1345 702 1376 ad
739 1346 880 1373 Vicariam
915 1342 947 1371 de
975 1340 1132 1380 Wiggeston
1168 1337 1305 1369 Lincoln.

242 1389 397 1456 Dlffqjassinas
420 1424 557 1461 collante,
576 1422 611 1453 ad
633 1422 786 1452 Red‘t'oriam
809 1420 839 1449 de
861 1423 953 1449 Frome
974 1418 1069 1448 Sanft‘i
1089 1417 1220 1456 Quintini
1236 1423 1306 1446 cum

245 1465 361 1503 Capella
377 1465 413 1495 de
429 1463 583 1494 Everstrute
599 1459 721 1490 Bristoll.
739 1459 847 1489 Dioec.

282 1506 420 1548 i³atricius
452 1501 536 1532 Blare
553 1523 563 1538 ‚
600 1499 635 1530 ad
664 1501 691 1528 V
694 1501 806 1527 icariam
840 1497 871 1526 de
903 1499 1032 1536 Kenwyn
1059 1493 1098 1530 ὠ»
1123 1495 1182 1530 Key
1212 1491 1307 1521 Exon.

244 1542 412 1625 Dffeffz'ricus
433 1577 554 1618 Gustun,
579 1575 613 1606 ad
628 1578 772 1606 Wcariam
797 1574 830 1603 de
853 1571 978 1602 Gulballe
999 1572 1063 1602 alias
1078 1569 1194 1610 Lanefly
1215 1567 1306 1598 Exon-

245 1619 428 1697 Dffizannes
442 1654 540 1694 Whyte
551 1677 560 1692 ,
576 1652 611 1683 ad
629 1654 761 1681 Vitariam
775 1650 807 1678 de
822 1648 933 1686 Ramfi’y
951 1648 1086 1678 London.
1100 1647 1202 1677 Dioec.

285 1698 304 1742 ᾗ*
338 1694 470 1725 Ricardus
499 1691 578 1722 Kirle
599 1714 609 1728 ,
646 1689 681 1720 ad
714 1690 852 1718 Vicariam
881 1687 913 1714 de
936 1686 1051 1714 Marche
1074 1688 1181 1720 Magna
1207 1680 1308 1712 Heres.

249 1735 398 1803 Dilqggrnas
413 1772 528 1804 Carter,
546 1764 580 1795 ad
599 1765 753 1793 Refforiam
771 1762 803 1790 de
821 1758 985 1798 Sharnefeld
1001 1759 1135 1790 Lincoln.
1151 1759 1267 1796 Dioec2

279 1808 572 1855 *Nicholaus'Crompffi
589 1802 624 1832 ad
640 1802 794 1830 Refioriam
808 1799 840 1829 de
853 1797 1044 1836 zhedelthmpe
1066 1798 1173 1827 Sanilae
1198 1795 1312 1825 Helenae

247 1845 570 1932 ιιὲ-ἧῗιινῗιεκῗιῖῖῗῖωιρκ
585 1902 596 1918 ,
625 1877 659 1909 ad
678 1878 831 1907 Rec'loriam
856 1876 887 1905 de
912 1878 1011 1904 Parva
1039 1872 1156 1913 Wlston
1177 1872 1312 1903 Lincoln.

250 1926 400 1994 Dlocffiutts
414 1959 506 1999 Johns
515 1981 524 1996 ,
538 1956 573 1987 ad
588 1956 742 1986 Recloriam
756 1954 788 1983 de
803 1951 990 1988 Addylthorpe
1005 1950 1141 1982 Lincoln.
1166 1949 1270 1980 Dioec.

286 2001 433 2043 Johannes
447 2001 590 2032 Gravett‚
607 1994 640 2024 ad
659 1994 816 2023 Refloriam
834 1991 866 2020 de
884 1988 1032 2028 Bradfela'e
1051 1989 1152 2032 Sarum
1169 1988 1273 2018 Dioec.

290 2039 446 2077 Radulphus
462 2038 582 2072 Turner,
599 2033 635 2063 ad
650 2034 677 2061 V
678 2034 788 2062 icariam
804 2030 836 2059 de
852 2033 946 2058 Sarett
963 2027 1209 2058 London.D10ec.

291 2078 421 2111 Robertus
435 2072 616 2110 Kirkelonde,
635 2070 674 2100 ad
689 2070 843 2100 Restoriam
859 2065 981 2106 Ecclefiae
995 2069 1079 2095 Beati
1093 2067 1170 2095 Petri
1184 2068 1214 2094 in
1237 2062 1313 2093 Villa

253 2116 394 2157 Notyngh.
408 2114 538 2145 Eborum
556 2111 660 2141 Dioec.

291 2159 425 2188 Henricus
439 2161 472 2191 ap
485 2150 598 2181 Roberts
607 2173 616 2186 ,
633 2147 668 2178 ad
685 2149 817 2177 Vicariam
830 2144 862 2174 de
877 2146 950 2181 Rupe
965 2142 1119 2173 Meneven.
1143 2141 1244 2172 Dioec.

270 2235 276 2240 .
294 2198 390 2225 Petrus
407 2194 490 2228 Pott,
505 2189 541 2220 ad
555 2189 707 2218 Reeloriam
724 2185 818 2215 Sancti
831 2182 971 2212 Clementis
989 2182 1019 2211 in
1039 2181 1183 2212 Suburbiis
1205 2179 1317 2210 Civita-

255 2233 440 2312 OEJ1÷12322125
456 2266 549 2297 White
558 2288 568 2304 ,
582 2264 618 2295 ad
634 2265 766 2292 Vicariam
780 2262 811 2291 de
826 2258 1016 2302 Steplecleyden
1033 2257 1174 2302 Lincoln.
1197 2256 1301 2300 Dioec.

294 2310 439 2350 Johannes
454 2309 563 2346 Kynge,
582 2302 616 2333 ad
633 2303 767 2331 Vicariam
782 2301 814 2330 de
827 2298 990 2336 Ravensden
1006 2297 1138 2328 meoln.
1162 2295 1264 2339 Dloec.

295 2348 439 2389 Johannes
456 2344 588 2383 Paycock,
606 2340 640 2370 ad
654 2341 807 2370 Rechriam
822 2338 854 2367 de
870 2339 917 2367 We
942 2347 974 2365 on
991 2335 1122 2380 Eborum
1142 2334 1244 2364 Dioec.

297 2387 428 2418 Robertus
444 2384 569 2419 Palma,
587 2379 621 2410 ad
638 2381 771 2408 Vicariam
789 2377 820 2406 de
838 2375 900 2405 Elti
923 2386 951 2414 ey
966 2374 1055 2404 Ehen.
1079 2373 1182 2403 Dioec.

298 2425 446 2465 Johannes
459 2426 586 2456 Baxter,
606 2417 640 2448 ad
656 2419 786 2446 Vicariam
801 2415 832 2444 de
847 2413 978 2451 Thirneby
994 2412 1125 2442 Lincoln.
1142 2412 1246 2442 Dioec.

272 2496 274 2499 ,
299 2468 416 2501 Rogerus
429 2460 518 2490 Tillar
526 2482 536 2498 ,
553 2458 589 2488 ad
604 2458 739 2487 Wcariam
754 2454 786 2484 de
799 2456 904 2492 Bongey
919 2451 1024 2481 Sam‘i‘ae
1038 2453 1183 2481 Trinitatis
1197 2449 1232 2481 N
1234 2449 1321 2481 orwi-

263 2502 352 2534 censis
368 2501 475 2531 Dioec.

412 2624 550 2657 Licentia
573 2618 713 2667 Eligena'i
738 2618 911 2664 Epiftopum
936 2615 1169 2660 Norwicensem.

332 2711 445 2747 Egina,
464 2706 573 2738 dileetis
594 2705 643 2735 fibi
663 2704 690 2734 in
714 2702 849 2740 Christo,
868 2706 978 2732 Decano
999 2701 1037 2737 &
1053 2699 1176 2739 Capitulo
1190 2697 1327 2729 Ecclefiae

350 2746 524 2780 Cathedralis
540 2742 757 2780 Norwicenfis,
772 2742 907 2781 Salutem.

311 2789 356 2821 Ex
368 2796 444 2828 parte
456 2784 546 2815 vestra
562 2782 644 2813 nobis
658 2781 697 2811 est
715 2780 857 2810 humiliter
869 2778 1055 2817 supplicatum
1070 2785 1118 2815 ut,
1138 2778 1210 2808 cum
1226 2775 1329 2806 Eccle-

275 2831 310 2861 fia
326 2826 477 2865 praedieta,
495 2833 543 2861 per
561 2820 692 2851 Mortem
708 2819 800 2849 ultimi
816 2817 950 2855 Episcopi
965 2816 1091 2852 ibidem,
1106 2817 1166 2854 jam
1189 2822 1272 2845 vacet
1295 2815 1328 2845 &

274 2866 398 2899 Pastoris
419 2863 516 2893 solatio
537 2860 568 2890 fit
589 2858 737 2895 destituta,
756 2857 841 2887 alium
867 2856 948 2886 vobis
970 2854 1088 2893 eligendi
1108 2855 1139 2883 in
1154 2852 1330 2890 Episcopum

273 2910 307 2939 &c
321 2903 467 2937 Pastorem
483 2899 645 2931 Licentiam
659 2895 785 2928 nostram
802 2894 989 2926 fundatoriam
1003 2893 1085 2923 vobis
1109 2890 1266 2922 concedere
1286 2889 1330 2919 di-

294 2952 423 2975 naremur

272 2956 292 2986 g
312 2983 397 3020 Nos,
416 2964 552 3010 Erecibus
566 2973 663 3006 vestris
676 2975 705 3004 in
718 2972 771 3003 hac
786 2979 863 3009 parte
878 2969 1068 3002 favorabiliter
1083 2968 1249 2999 inclinantes
1281 2966 1332 2995 Li-

272 3022 395 3053 centiam
415 3018 490 3047 illam
511 3016 595 3046 vobis
615 3013 744 3043 duximus
767 3010 999 3046 concedendam,
1023 3016 1107 3045 prout
1121 3007 1242 3037 Tenore
1281 3014 1333 3035 rae·

271 3061 392 3091 sentium
407 3056 489 3086 vobis
503 3054 623 3084 eandem
640 3049 843 3087 concedimus,

313 3098 463 3133 Rogantes
486 3092 565 3132 quod
588 3091 672 3121 talem
689 3089 772 3120 vobis
794 3087 902 3125 eligatis
924 3087 953 3116 in
973 3084 1149 3122 Episcopum
1175 3084 1208 3115 &
1232 3081 1332 3112 Pasto-

273 3147 353 3174 rem,
378 3133 425 3172 qui
452 3132 518 3162 Deo
544 3129 695 3166 Devotus,
722 3126 873 3165 Nobisque
894 3124 927 3156 ὃς
946 3123 1056 3162 Regno
1074 3123 1173 3154 nostro
1192 3121 1281 3153 Utilis
1296 3122 1330 3153 ὃ(

276 3174 376 3207 Fidelis
394 3170 501 3202 existat.

309 3212 346 3244 In
361 3211 441 3249 cujus
458 3209 514 3246 rei,
532 3207 593 3238 &c.

313 3287 402 3320 Teste
420 3284 537 3325 Regina
555 3282 629 3322 apud
645 3280 849 3322 Gorhambury,
868 3280 1006 3312 vicesimo
1021 3279 1116 3317 primo
1139 3277 1186 3308 die
1203 3276 1280 3316 julii.

752 3361 805 3388 Per
825 3361 917 3388 Breve
934 3357 965 3387 de
985 3359 1104 3386 Privato
1117 3353 1220 3392 Sigillo.

547 3503 608 3536 -De
636 3500 829 3546 Restitutione
855 3495 1088 3545 Temporalmm.

351 3592 461 3632 Egina,
476 3587 620 3621 Escaetori
639 3586 689 3617 suo
703 3587 733 3615 in
752 3585 901 3616 Comitatu
918 3574 1113 3619 Somersetiae,
1127 3579 1261 3611 Salutem.

280 3595 345 3669 R
384 3631 486 3668 Cum,
499 3634 617 3658 vacante
640 3635 729 3662 nuper
745 3624 915 3661 Episcopatu
935 3620 1145 3658 wintoniensi,
1163 3628 1212 3656 per
1230 3617 1335 3656 Depri-

219 3699 226 3706 ,
283 3673 427 3701 vationem
442 3667 583 3708 Johannis
597 3665 693 3695 ultimi
708 3663 844 3701 Episcopi
855 3661 975 3698 ibidem,
994 3658 1118 3688 Decanux
1134 3656 1171 3692 (ὧν
1181 3657 1334 3694 Capitulum

281 3706 415 3740 Ecclefiae
441 3704 615 3738 Cathedralis
635 3703 772 3733 Winton.
791 3700 953 3738 praedictae,
979 3696 1107 3727 Licentia
1129 3695 1224 3726 nostra
1247 3695 1336 3733 petita*⁴

281 3747 385 3785 pariter
397 3749 430 3778 &
453 3742 585 3780 obtenta,
601 3741 749 3772 Dilee'wm
764 3740 864 3771 Nobis
886 3740 917 3768 in
940 3735 1077 3773 Christo,
1095 3734 1240 3764 Robertum
1261 3737 1336 3764 Hor-

279 3796 315 3816 ne
334 3785 429 3816 Sacrae
441 3782 614 3821 Theologiae
629 3777 844 3816 Profefforem,
865 3778 896 3807 in
909 3785 1012 3807 eorum
1030 3773 1206 3812 Episcopum
1222 3773 1255 3804 &
1270 3773 1336 3804 Pas-

281 3831 377 3854 torem
392 3824 433 3853 ele
503 3830 534 3852 nt

323 3861 382 3892 Cui
420 3833 551 3901 qiiicrlkem’
573 3857 719 3890 Eleeiioni
753 3856 787 3886 &
819 3853 950 3885 Personae
979 3851 1016 3882 fic
1052 3850 1149 3894 elec'tae
1164 3873 1174 3888 ,
1210 3848 1337 3894 Regium

279 3900 433 3935 'Assensum
458 3898 584 3929 nostrum
611 3895 791 3928 adhibuimus
819 3894 853 3923 &
877 3892 1037 3928 Favorem‚
1072 3888 1340 3927 lpslusque=F1delb

283 3949 391 3975 tatem,
415 3936 515 3967 Nobis
537 3937 662 3967 debitam
688 3943 740 3972 pro
767 3931 847 3962 dieto
869 3929 1042 3967 Episcopatu
1059 3950 1069 3965 ‚
1094 3929 1252 3964 recepimus
1268 3950 1277 3965 ,
1306 3937 1339 3957 ac

284 3976 470 4014 Temporalia
489 3974 609 4012 ejusdem
634 3969 820 4013 Episcopatus
845 3968 984 4008 (exceptis
1006 3966 1103 4002 Burgo
1123 3968 1156 3998 ὃς
1179 3964 1282 3995 Castro
1304 3965 1340 3996 de

286 4016 428 4047 Taunton
449 4022 517 4043 cum
542 4013 732 4049 pertinentiis,
754 4018 868 4039 necnon
894 4005 1032 4036 Manet-iis
1054 4004 1111 4034 five
1136 4004 1283 4034 Dominiis
1305 4003 1342 4033 de

261 4068 272 4079 ·
287 4056 426 4088 Taunton
449 4050 612 4090 Holowaye
635 4049 707 4090 Hull
727 4048 939 4088 Naylisbourne
959 4043 1137 4084 Staplegrave
1149 4041 1347 4075 Pondesforde

320 4096 392 4133 Tem.
411 4092 458 4122 VI.
477 4091 510 4120 P.
527 4090 574 4120 IV.

1337 141 1369 181 t>
1406 143 1450 184 U
1490 144 1522 184 Β
1559 143 1592 183 L
1629 142 1646 183 1
1682 143 1719 184 c
1757 143 1804 182 A.
2300 142 2345 176 16
2356 147 2373 187 3

1321 228 1462 273 Rimpton
1479 230 1512 260 &
1529 228 1707 259 Ottersforde
1726 238 1794 259 curn
1817 227 1868 257 suis
1881 225 1995 264 Juribus
2015 223 2157 255 Membris
2181 221 2213 253 ὃς
2228 220 2375 251 Pertinen-
2394 217 2471 247 Ann·
2487 214 2530 245 D,-

1319 275 1364 297 tus
1384 268 1414 296 in
1430 266 1576 298 Comitatu
1597 266 1693 296 nostro
1709 265 1902 301 Somersetiae,
1922 274 1954 294 ac
1969 264 2053 294 etiam
2073 261 2205 292 omnibus
2224 258 2376 299 Mesuagiis
2414 262 2497 297 1575.

1320 305 1468 336 Domibus
1496 304 1639 335 AEdificiis
1672 303 1847 334 Molendinis
1871 302 1968 332 Terris
1999 301 2086 331 Pratis
2120 298 2231 330 Pascuis
2258 295 2378 327 Pasturis
2401 304 2442 329 ¹7-
2458 298 2527 319 Eu:-

1321 343 1474 373 Comuniis
1489 343 1580 374 Boscis
1594 341 1747 373 Subboscis
1762 341 1850 380 Aquis
1868 339 1994 370 Piscariis
2015 339 2111 369 Parcis
2127 336 2281 366 NVarennis
2298 333 2377 363 Cha-
2435 335 2493 366 Reg.

1320 383 1377 411 ceis
1403 381 1570 412 Redditibus
1594 381 1735 418 Servitiis,
1764 379 1862 409 Feodis
1893 377 2045 415 Militum,
2072 375 2189 406 Wardis
2218 372 2378 407 Maritagiis

1320 419 1442 450 Escaetis
1465 419 1727 455 Advocationibus,
1745 416 1855 453 Juribus
1877 414 2044 446 patronatus
2063 414 2250 444 Ecclefiarurn
2262 434 2271 449 ,
2293 409 2381 440 Nun-

1320 458 1393 488 dinis
1414 458 1549 488 Mercatis
1569 458 1701 487 Tolnetis
1719 455 1885 486 Theoloniis
1914 452 2060 484 Custumis
2083 451 2252 482 Franchefiis
2281 448 2382 478 Liber-

1321 497 1424 526 tatibus
1440 496 1592 535 privilegiis
1610 494 1744 525 Proficuis
1753 491 2019 523 Commoditatibus
2034 490 2244 520 Emolumentis
2259 488 2291 517 &
2307 485 2381 516 Ha:-

1323 535 1510 564 reditamentis
1536 535 1759 573 quibuscumque
1784 541 1856 562 curn
1880 529 2076 566 Pertinentiis,
2103 528 2305 565 cujuscumque
2331 524 2383 553 sint

1327 573 1436 610 generis
1458 580 1563 602 naturae
1586 572 1630 602 vel
1653 571 1775 609 speciei,
1805 569 1888 599 dietis
1908 567 2000 606 Burgo
2023 567 2057 596 de
2073 566 2228 602 Taunton,
2253 574 2286 594 ac
2314 562 2382 592 Do-

1327 612 1422 641 miniis
1448 610 1503 640 five
1524 609 1662 640 Maneriis
1686 609 1721 638 de
1741 609 1878 638 Taunton
1899 605 2058 642 Holexvaye
2080 604 2149 634 Hull
2174 603 2381 633 Nailisbourne

1327 649 1503 687 Staplegrave
1525 647 1720 678 Pondesforde
1743 646 1886 685 Rimpton
1909 644 1941 675 &
1965 642 2144 673 Ottersforde
2167 642 2196 671 in
2218 641 2296 670 dieto
2319 638 2384 668 Co-

1327 688 1428 717 mitatu
1444 686 1621 716 Somersetiae
1636 695 1752 724 quoquo
1768 684 1858 714 modo
1879 682 2064 719 (pedientibus
2084 680 2138 709 five
2161 678 2384 716 pertinentibus,

1328 734 1372 756 aut
1389 733 1418 754 ut
1435 724 1570 755 Membra
1593 723 1687 753 Partes
1710 723 1765 752 five
1784 721 1917 752 Parcellae
1938 720 2082 750 dictorum
2108 718 2307 747 Maneriorum
2330 715 2385 745 five

1331 763 1541 793 Dominiorum
1565 762 1657 791 habita
1679 769 1795 798 accepta
1815 768 1940 797 reputata
1963 759 2057 788 mirata
2080 756 2135 786 sive
2155 756 2172 774 ss
2193 756 2309 791 cognita
2329 755 2387 783 exi-
2408 755 2423 772 ’i
2444 753 2509 778 XV..

1328 802 1424 832 stentia
1438 824 1447 840 ,
1479 810 1595 831 necnon
1616 800 1750 829 omnibus
1771 799 1867 828 Terris
1886 796 2074 827 Tenementis
2100 796 2133 826 &
2160 793 2388 822 Hoereditamcn-
2434 799 2500 825 μς.

1331 842 1364 871 tis
1383 841 1539 878 jacentibus
1561 840 1593 869 &
1617 836 1796 867 existentibus
1824 837 1852 865 in
1884 835 1963 864 Villis
1984 833 2132 864 Parochiis
2162 832 2217 862 five
2240 830 2388 860 Hamelet-

1333 881 1368 909 tis
1389 879 1425 908 de
1449 878 1587 907 Taunton
1612 876 1753 915 Holwaye
1774 873 1847 904 Hull
1863 873 2043 902 Nailisborne
2063 871 2242 910 Staplegrave
2265 868 2390 899 Pondes-

1333 917 1414 948 forde
1435 916 1577 953 Rimpton
1594 916 1626 945 ὅ(
1642 912 1817 944 Ottersforde
1831 912 1860 940 in
1876 911 1956 940 dicio
1981 910 2133 940 Comitatu
2153 907 2253 938 nostro
2274 907 2391 937 Somet-

1336 957 1426 992 setiae,
1443 965 1458 984 a
1470 954 1555 984 Festo
1569 949 1817 983 SanetiMichaelis
1831 948 2016 986 Archangeli,
2036 948 2123 978 Anno
2138 946 2234 984 Regni
2250 945 2340 975 nostri
2354 945 2394 974 se-

1336 993 1451 1030 cundo,
1475 993 1560 1030 usque
1585 992 1712 1021 decimum
1732 990 1858 1019 offavum
1881 990 1962 1016 Diem
1985 986 2150 1023 Februarii,
2185 986 2270 1015 Anno
2296 983 2395 1022 Regni

1336 1032 1424 1064 nostri
1439 1033 1541 1069 tertio,
1562 1029 1792 1067 provenientibus
1808 1028 1863 1057 five
1876 1024 2079 1060 crescentibus)
2108 1024 2133 1052 ei
2152 1022 2322 1053 restituimus
2345 1031 2394 1059 per

1338 1072 1446 1102 Literas
1461 1069 1565 1099 nostras
1584 1069 1711 1099 Patentes
1731 1074 1857 1105 gerentes
1880 1063 1985 1094 Datam
2012 1062 2086 1100 apud
2107 1061 2234 1090 NVestm.
2255 1061 2394 1099 praedicto

1338 1111 1433 1139 decimo
1452 1109 1547 1137 oetam
1565 1110 1619 1136 Die
1639 1103 1741 1145 Menfis
1757 1103 1915 1139 Februarii,
1942 1101 2082 1139 praedicto
2107 1100 2195 1130 Anno
2221 1098 2321 1135 Regni
2340 1109 2394 1128 no-

1340 1148 1388 1178 stri
1409 1148 1511 1185 tertio,
1535 1154 1620 1184 prout
1643 1155 1690 1183 per
1717 1142 1827 1173 easdem
1848 1141 1953 1171 Literas
1973 1139 2101 1170 Parentes
2118 1138 2225 1179 plenius
2250 1138 2336 1175 liquet
2363 1137 2397 1167 δε

1340 1197 1355 1217 a
1396 1194 1467 1217 aret·

1357 1197 1557 1263 PLQiibiJsdam
1572 1231 1664 1253 tamen
1688 1219 1779 1250 arduis
1793 1220 1826 1251 ὃς
1844 1218 2005 1257 urgentibus
2024 1216 2120 1247 Caufis
2134 1217 2167 1247 δέ
2187 1214 2400 1246 Consideratio-

1342 1265 1425 1294 nibus
1438 1262 1506 1292 Nos
1523 1261 1557 1292 ad
1572 1262 1629 1290 hoc
1651 1259 1804 1296 specialiter
1828 1258 2027 1294 moventibus,
2044 1255 2191 1292 cupientes
2211 1263 2258 1292 ut,
2271 1253 2401 1291 praefatus

1342 1300 1525 1333 Reverendus
1540 1301 1569 1329 in
1584 1297 1700 1328 Christo
1720 1296 1814 1334 Pater,
1827 1295 1959 1324 Robertus
1976 1298 2102 1324 lVimon.
2112 1293 2265 1332 Episcopus,
2283 1291 2402 1322 Tenen—

1343 1342 1419 1371 tibus
1442 1339 1492 1369 suis
1513 1339 1545 1369 ὃ(
1564 1337 1672 1367 caeteris
1690 1335 1915 1365 Inhabitantibus
1935 1332 2175 1371 quibuscumque,
2193 1340 2250 1361 tam
2272 1330 2341 1360 infra
2363 1329 2403 1358 E-

1344 1379 1524 1417 piscopatum
1550 1375 1719 1413 praedidium
1742 1375 1831 1413 quam
1855 1372 1920 1402 alibi
1942 1370 2188 1400 commorantibus
2211 1370 2243 1399 &
2262 1368 2403 1398 residenti-

1343 1420 1411 1456 bus,
1430 1416 1459 1446 id
1475 1414 1550 1454 quod
1563 1413 1685 1452 aequitati
1699 1413 1732 1443 &
1747 1411 1848 1441 rationi
1862 1412 2083 1440 consentaneum
2096 1408 2178 1438 fuerit
2195 1407 2296 1438 melius
2310 1407 2403 1437 facere

1344 1456 1444 1495 exequi
1457 1456 1490 1486 ὅ(
1503 1453 1670 1493 perimplere
1684 1449 1767 1488 poffit
1789 1450 1820 1480 &
1836 1449 1942 1486 valeat,

1381 1495 1430 1525 De
1442 1492 1541 1524 Gratia
1557 1491 1652 1521 nostra
1664 1489 1795 1526 speciali,
1812 1497 1845 1517 ac
1858 1497 1893 1517 ex
1914 1495 1990 1517 certa
2006 1486 2132 1517 Scientia
2154 1487 2187 1517 δε
2209 1494 2290 1516 mero
2313 1481 2404 1513 Motu

1344 1533 1466 1601 nogris,l
1478 1532 1578 1562 omnia
1593 1528 1729 1567 praedieta
1742 1528 1775 1558 ὃ(
1790 1534 1965 1564 praeexcepta
1978 1525 2142 1562 Praemiffa,

1411 1572 1456 1602 ide
1467 1571 1521 1601 icet

1382 1610 1507 1649 Burgum
1523 1593 1555 1639 ἐς
1571 1606 1705 1637 Castrum
1718 1605 1752 1635 de
1766 1603 1903 1634 Taunton
1913 1627 1921 1642 ,
1942 1613 2057 1633 necnon
2073 1601 2204 1632 Maneria
2221 1600 2277 1630 five
2298 1600 2408 1630 Domi-

1346 1650 1393 1679 nia
1414 1650 1448 1679 de
1463 1648 1600 1678 Taunton
1617 1645 1759 1684 Holwaye
1784 1642 1851 1672 Hull
1876 1642 2058 1672 Nailisborne
2079 1641 2259 1678 Staplegrave
2282 1639 2410 1670 Pondes—

1347 1688 1429 1718 forde
1445 1687 1591 1724 Rimpton
1608 1684 1640 1714 &
1657 1681 1837 1719 Ottersford,
1857 1690 1926 1710 cum
1943 1681 1993 1710 suis
2004 1680 2117 1719 Juribus
2132 1679 2275 1709 Membris
2292 1679 2323 1708 ὃς
2339 1677 2409 1707 Per-

1348 1727 1471 1756 tinentiis
1485 1726 1515 1754 in
1537 1723 1640 1753 eodem
1669 1720 1819 1751 Comitatu
1839 1719 2034 1756 Sornersetioe,
2061 1728 2094 1748 ac
2121 1718 2206 1747 etiam
2226 1717 2324 1746 omnia
2343 1715 2410 1746 Me-

1346 1764 1438 1800 suagia
1457 1762 1574 1792 Domos
1591 1759 1728 1789 AEdificia
1745 1758 1915 1787 Molendina
1938 1757 2041 1786 Terras
2063 1756 2147 1786 Prata
2167 1756 2274 1785 Pascua
2301 1756 2333 1786 &
2356 1753 2410 1784 Pass

1347 1802 1436 1833 sturas
1455 1799 1614 1830 Comunias
1630 1797 1735 1827 Boscos
1750 1795 1912 1825 Subboscos
1935 1795 2027 1833 Aquas
2052 1794 2181 1824 Piscarias
2204 1793 2306 1822 Parcos
2324 1792 2412 1822 VVar⁴

1347 1851 1423 1870 renas
1441 1838 1566 1869 Chaceas
1588 1835 1726 1865 Redditus
1741 1834 1876 1872 Servitia,
1898 1832 1989 1863 Feoda
2005 1831 2154 1870 Militum,
2172 1831 2281 1862 Warda
2292 1830 2330 1861 M
2341 1833 2413 1861 :rita-

1346 1880 1391 1916 gia
1406 1878 1531 1908 Escaetas
1546 1874 1776 1910 Advocationes,
1790 1871 1858 1910 Jura
1880 1870 2046 1902 patronatus
2069 1870 2257 1901 Ecclefiarurn
2268 1893 2277 1907 ,
2294 1869 2416 1899 Nundi-

1350 1927 1400 1947 nas
1413 1916 1552 1947 Tolnetas
1570 1913 1701 1943 Mercata
1716 1910 1884 1941 Theolonia
1894 1909 2047 1940 Custumas
2066 1909 2243 1940 Franchesias
2260 1908 2416 1939 Libertates

1350 1955 1500 1993 Privilegia
1519 1951 1650 1982 Proficua
1664 1949 1898 1980 Commoditates
1914 1948 2115 1978 Emolumenta
2135 1949 2168 1978 δε
2184 1944 2416 1977 Haereditamen-v

1349 2003 1377 2025 ta
1392 2001 1579 2033 quaecumque
1590 2012 1600 2028 ,
1623 1998 1690 2019 cum
1714 1988 1908 2024 Pertinentiis,
1927 1987 2130 2026 cujuscumque
2146 1986 2197 2016 fint
2213 1985 2323 2022 generis
2337 1994 2416 2015 natu·

1350 2043 1388 2064 rae
1403 2033 1448 2063 vel
1463 2031 1584 2068 speciei,
1603 2027 1686 2058 dietis
1703 2026 1794 2064 Burgo
1809 2026 1842 2056 &
1857 2023 1959 2055 Castro
1975 2025 2009 2055 de
2031 2025 2170 2055 Taunton
2182 2048 2190 2061 ,
2209 2033 2325 2054 necnon
2351 2024 2417 2054 Ma-

1351 2072 1433 2102 neriis
1449 2070 1504 2100 five
1520 2067 1669 2098 Dominiis
1683 2065 1718 2096 de
1734 2065 1874 2095 Taunton
1886 2063 2027 2102 Holvvaye
2049 2062 2121 2093 Hull
2145 2063 2331 2093 Nailisborne
2354 2062 2418 2093 Sta-

1353 2111 1485 2148 plegrave
1500 2104 1694 2139 Pondesforde
1708 2103 1854 2144 Rimpton
1872 2103 1904 2132 ὃς
1921 2101 2101 2132 Ottersforde
2123 2101 2333 2140 quoquomodo
2357 2101 2419 2139 spe-

1353 2149 1456 2180 <Stantia
1473 2147 1528 2177 sive
1543 2144 1726 2184 pertinentia,
1750 2151 1798 2173 aut
1817 2150 1847 2172 ut
1870 2141 1963 2171 Partes
1984 2140 2122 2170 Membra
2143 2141 2198 2171 five
2221 2139 2353 2170 Parcellae
2376 2140 2421 2170 di-

1356 2188 1470 2218 &orum
1487 2184 1619 2223 Burgi&
1636 2182 1749 2220 Castri,
1767 2190 1880 2211 necnon
1899 2178 2098 2208 Maneriorum
2125 2179 2182 2209 five
2207 2178 2420 2208 Dominiorum

1356 2224 1556 2264 praedictorum
1575 2223 1631 2252 five
1647 2230 1749 2252 eorum
1763 2219 1878 2258 alicujus
1893 2217 1986 2248 habita
2007 2218 2119 2254 cognita
2132 2226 2245 2255 accepta
2261 2217 2354 2247 ufitata
2372 2217 2420 2248 seu

1353 2272 1474 2304 reputata
1494 2261 1655 2298 existentia,
1673 2268 1789 2290 necnon
1798 2257 1901 2287 omnia
1915 2256 2018 2286 Terras
2033 2256 2213 2286 Tenementa
2238 2257 2270 2287 ὃς
2286 2254 2420 2285 Haeredi-

1355 2310 1477 2334 tamenta
1488 2301 1611 2340 jacentia
1624 2299 1656 2329 &
1672 2296 1815 2328 existentia
1831 2297 1860 2325 in
1880 2295 1960 2325 Villis
1976 2295 2119 2324 Parochiis
2132 2294 2178 2325 seu
2199 2294 2367 2324 Hamelettis
2385 2294 2421 2324 de

1357 2342 1495 2372 Taunton
1525 2338 1668 2377 Holwaye
1696 2336 1768 2367 Hull
1799 2333 1985 2365 Nailisborne
2019 2332 2196 2372 Staplegrave
2223 2332 2422 2363 Pondesforde

1358 2380 1503 2417 Rimpton
1524 2379 1557 2409 ὃς
1580 2375 1760 2406 Ottersforde
1781 2374 1813 2404 &
1835 2374 1863 2403 in
1888 2381 1988 2402 eorum
2008 2371 2119 2410 aliquo,
2145 2382 2214 2402 cum
2232 2371 2286 2402 suis
2304 2370 2423 2408 juribus

1359 2418 1503 2450 Membris
1517 2417 1550 2447 &
1571 2415 1748 2446 Pertinentiis
1765 2412 1915 2448 univerfis,

1397 2457 1512 2487 Damus
1529 2453 1716 2484 concedimus
1733 2453 1766 2483 δε
1781 2450 1951 2480 restituimus
1967 2459 2016 2488 per
2032 2447 2200 2486 Praesente53

1397 2495 1435 2526 Et
1450 2495 1514 2525 ideo
1527 2493 1577 2525 tibi
1593 2492 1772 2530 praecipimus
1786 2488 1865 2526 quod
1883 2487 2000 2525 praefato
2023 2487 2139 2516 Rcberto
2157 2489 2282 2517 lu'inton.
2299 2485 2426 2527 Episcopo

1382 2535 1531 2565 raedi&um
1555 2531 1679 2570 Burgum
1705 2530 1738 2560 ὃς
1763 2527 1897 2557 Castrum
1921 2526 1957 2556 de
1977 2526 2135 2564 Taunton,
2155 2535 2188 2556 ac
2213 2525 2343 2561 Manena
2369 2527 2426 2556 {ive

1398 2573 1506 2603 ominia
1519 2571 1553 2601 de
1562 2570 1701 2599 Taunton
1710 2567 1855 2604 Holwaye
1868 2564 1940 2594 Hull
1957 2564 2140 2594 Nailisborne
2155 2564 2336 2602 Staplegrave
2344 2564 2427 2595 Pon-

1362 2611 1489 2642 desforde
1514 2609 1655 2645 Rimpton
1678 2607 1710 2637 δε
1735 2603 1914 2635 Ottersforde
1938 2612 2005 2632 cum
2027 2603 2077 2634 suis
2089 2602 2202 2641 Juribus
2225 2602 2368 2633 Membris
2391 2605 2425 2635 &

1363 2649 1544 2681 Pertinentiis
1557 2645 1707 2683 univerfiS,
1730 2644 1859 2680 Liberes;

1401 2687 1543 2719 Habenda
1557 2683 1701 2724 gaudenda
1716 2683 1749 2713 &
1763 2680 1923 2719 recipienda
1938 2678 2035 2710 Exitus
2050 2680 2082 2710 &
2106 2678 2237 2710 Proficua
2261 2681 2429 2711 eorumdem

1367 2728 1453 2763 Burgi
1470 2728 1502 2758 &
1519 2724 1630 2761 Castri,
1647 2732 1679 2752 ac
1703 2720 1900 2758 Maneriorum
1925 2718 1980 2748 five
2000 2718 2210 2748 Dominiorum
2233 2718 2268 2748 de
2285 2719 2429 2750 Taunton

1368 2766 1511 2803 Holwaye
1525 2762 1595 2793 Hull
1610 2760 1799 2791 Nailisborne
1814 2757 1992 2796 Staplegrave
2008 2755 2206 2786 Pondesforde
2230 2756 2373 2796 Rimpton
2392 2758 2428 2788 ὃς

1369 2801 1549 2835 Ottersforde
1564 2823 1573 2839 ,
1605 2805 1638 2830 ac
1661 2806 1831 2829 caeterorum
1852 2795 2066 2825 Praemifforum
2089 2805 2157 2825 cum
2182 2795 2357 2825 Pertinentiis
2379 2805 2429 2833 pet

1368 2843 1520 2874 Praesentes
1557 2836 1746 2876 praeconceffa
1762 2837 1795 2867 ὃς
1812 2833 1952 2871 restituta,
1970 2833 2088 2871 praefato
2105 2833 2221 2862 Roberto
2238 2835 2280 2862 W
2280 2836 2368 2863 inton.
2385 2836 2430 2862 E-

1364 2863 1596 2921 piscopo,affesto
1611 2876 1708 2907 Sancti
1726 2872 1876 2904 Michaelis
1891 2872 2063 2902 Archanveli
2077 2871 2182 2901 ultimo
2199 2873 2342 2908 praeterito
2356 2872 2429 2903 buc-

1368 2921 1452 2960 usque
1476 2916 1672 2956 provenientia
1690 2914 1746 2944 five
1762 2911 1929 2947 crescentia,
1946 2919 1980 2940 ex
2006 2891 2098 2940 ssono
2111 2909 2210 2939 nostro
2222 2910 2347 2948 speciali,
2367 2912 2430 2941 abs-

1370 2969 1426 2997 que
1437 2957 1608 2993 Compoto,
1622 2953 1668 2983 seu
1682 2952 1775 2989 aliquo
1790 2951 1845 2981 alio
1861 2949 1979 2987 proinde
1996 2948 2096 2977 Nobis
2109 2947 2282 2978 Haeredibus
2297 2949 2341 2978 vel
2356 2950 2430 2979 Suc-

1371 2996 1529 3028 cessoribus
1542 2992 1642 3023 nostris
1654 2989 1861 3029 quoquomodo
1875 2986 2021 3017 reddendo
2045 2986 2182 3017 solvendo
2207 2986 2252 3017 vel
2271 2986 2402 3018 faciendo
2419 3000 2431 3026 3

1370 3036 1457 3067 Salvo
1472 3034 1534 3071 jure
1554 3029 1710 3068 cuiussibet.

1406 3085 1441 3117 In
1460 3084 1537 3122 cujus
1552 3083 1609 3120 rei,
1633 3081 1694 3112 &c-

1405 3161 1494 3195 Teste
1510 3158 1626 3198 Regina
1639 3157 1712 3197 apud
1727 3153 1913 3191 Gorhambury
1923 3177 1932 3192 ,
1952 3155 2053 3192 quinto
2071 3151 2118 3183 die
2130 3152 2266 3191 Augusti.

1840 3238 1893 3265 Per
1911 3239 2005 3265 Breve
2024 3235 2056 3265 de
2074 3236 2193 3264 Privato
2209 3233 2311 3271 Sigillo‚

1410 3335 1448 3367 Et
1471 3333 1636 3365 mandatum
1659 3330 1700 3361 est
1722 3327 1883 3366 Militibus,
1906 3326 1999 3357 liberis
2021 3325 2215 3363 Hominibus,
2240 3326 2272 3356 ὃς
2290 3324 2354 3354 'aliis
2370 3324 2432 3355 Te-

1373 3375 1504 3407 nentibus
1526 3372 1561 3402 de
1583 3369 1741 3408 Episcopatu
1765 3369 1894 3398 Winton.
1913 3374 2028 3395 necnon
2049 3365 2184 3394 omnibus
2207 3365 2242 3395 ad
2259 3373 2346 3401 quOS,
2367 3364 2431 3393 &c.

1396 3413 1453 3444 uod
1470 3411 1563 3442 eidem
1583 3412 1609 3438 E
1628 3407 1707 3446 iscopo
1724 3415 1754 3437 ut
1774 3406 1906 3436 Domino
1925 3404 1992 3440 suo,
2018 3403 2048 3431 in
2067 3403 2201 3433 omnibus
2228 3413 2291 3442 quae
2309 3403 2344 3432 ad
2363 3401 2434 3439 Epi-'

1386 3459 1522 3489 copatum
1540 3458 1577 3488 pr·
1620 3447 1711 3477 iCtum
1730 3445 1870 3484 pertinent
1888 3466 1898 3482 ,
1925 3441 2100 3474 intendentes
2120 3439 2174 3472 fint
2188 3443 2221 3473 δε
2237 3440 2432 3480 respondentes

1373 3498 1455 3530 prout
1471 3489 1561 3518 decet.

1407 3528 1441 3560 In
1457 3528 1535 3564 cujus
1554 3525 1610 3563 rei,
1628 3525 1690 3556 &c.

1407 3604 1498 3636 Teste
1516 3611 1548 3635 ut
1564 3601 1653 3640 supra.

2447 3732 2466 3751 ⁴⁶
2498 3732 2542 3761 xx

2486 3775 2538 3808 746

1375 3844 1544 3901 REgina‚
1561 3842 1696 3875 omnibus
1714 3841 1748 3873 ad
1765 3850 1853 3880 qu05,
1872 3840 1936 3871 &c.
1950 3838 2085 3869 Salutem.
2447 3847 2514 3878 Arm

1473 3882 1572 3915 Sciatis
1588 3881 1667 3921 quod
1677 3881 1760 3918 Nos,
2471 3872 2541 3924 157'5

1412 3924 1503 3955 Certis
1523 3921 1688 3958 urgentibus
1711 3918 1806 3949 Caufis
1831 3917 1864 3947 &
1888 3914 2169 3946 Confiderationibus
2190 3913 2260 3945 Nos
2280 3913 2434 3952 specialiter
2452 3929 2499 3952 Pas

1376 3961 1573 3996 moventibus,
1591 3959 1627 3989 de
1643 3957 1758 3995 provida
1775 3954 2041 3991 circumspectione
2057 3954 2090 3984 δε
2104 3952 2256 3992 Industria,
2275 3953 2447 3990 praedileeti.
2455 3947 2523 3990 Elii..

1377 4005 1410 4035 &
1432 3998 1520 4031 fidelis
1541 3997 1701 4028 Confiliarii
1723 3994 1811 4025 nostri
1834 3994 1863 4022 in
1885 3993 2000 4023 Privato
2025 3991 2165 4021 Concilio
2186 3992 2302 4029 nostro,
2326 3993 2438 4021 Henrici
2457 4013 2485 4030 ι,
2508 4010 2533 4029 m

1376 4041 1471 4079 Sidney
1491 4036 1617 4078 praeclaxi
1641 4034 1758 4067 Ordinis
1779 4032 1904 4102 Gargeni
1925 4029 2015 4061 nostri
2038 4029 2161 4070 Militis,
2475 4023 2499 4039 ³'
2540 4023 2542 4029 '

1880 4079 1899 4100 2

1498 3748 1520 3771 ’τ
1543 3749 1593 3780 De
1619 3744 1758 3779 Generali
1780 3744 1928 3789 Deputato
1951 3738 2106 3790 HybernIae
2127 3735 2286 3781 constituto.

2193 4029 2317 4061 Domini
2339 4029 2438 4060 Praefi-

2371 4066 2440 4105 den-
