2542 4274
100 185 179 222 Ann.
190 187 235 219 D.

124 236 208 267 1517.

104 273 168 297 Hert.
180 272 206 294 ὅ.

106 307 126 326 *
148 306 233 332 XIII.

142 344 207 377 539.

108 379 235 414 AnnD.

138 426 222 455 1517.

107 463 162 488 An.
180 468 207 492 9.

107 503 142 527 Η,
166 496 192 523 8.

108 540 167 565 Pae.
182 545 209 569 9.

110 579 147 603 H.
170 574 196 601 8.
221 580 249 611 p.

114 614 226 643 1.m.8.

112 1152 242 1186 AnnD.

134 1201 222 1232 1517.

111 1236 166 1260 An.
180 1242 210 1267 9.

111 1275 148 1298 H.
177 1271 204 1300 8.

112 1309 178 1336 Bibl.

111 1351 214 1375 Cotton.

113 1386 198 1414 l'itell.
222 1385 248 1412 b.

116 1433 141 1459 3.
154 1423 203 1461 fol.

116 1472 178 1498 149,

113 2203 189 2236 Ann.
205 2201 245 2233 D.

135 2252 217 2281 1517.

112 2286 168 2311 An.
194 2290 225 2315 9.

113 2328 152 2351 Η.
172 2321 198 2347 8.

114 2358 242 2387 Bibl.cot-

114 2406 167 2425 ton.

86 2432 90 2436 .
116 2435 205 2463 Vitell.
218 2435 233 2462 b
241 2458 246 2464 .

120 2483 144 2510 3.
161 2473 210 2511 fol.

122 2521 185 2547 ¹54·

130 3171 145 3190 2
160 3170 244 3198 XIII.

168 3218 235 3245 590-

248 120 328 165 134

613 277 641 306 ³³5
666 280 716 313 De
732 279 965 326 Praeftnratione.

266 359 350 420 RE
361 363 392 396 X
419 364 669 397 Reverendissimo
684 365 714 396 in
730 363 849 395 Christo
863 363 940 395 Patri
957 361 1232 402 Willielmo,efidem
1248 361 1327 392 Gra-

343 404 596 444 tia,Cantuarienfi
612 403 811 442 archiepiscopo
827 405 910 434 totius
925 402 1041 439 Angliae
1062 401 1182 432 Primati
1195 402 1230 443 ὅ(
1246 401 1326 439 Apo-

265 443 374 475 stolicae
391 444 471 475 Sedis
485 444 609 483 Legato,
628 442 762 473 Salutem.

306 483 353 513 Ad
372 482 526 514 Ecclesiam
546 481 741 513 Parocliialem
760 480 796 510 de
808 478 1019 517 Houghkirke,
1031 479 1096 510 alias
1110 487 1242 510 vocatam
1259 476 1327 507 Ho-

267 522 411 560 schirche,
432 522 532 552 vestr-ie
546 520 753 559 jurisdictionis
772 518 863 548 modo
880 525 1031 548 vacantem
1047 541 1057 554 ,
1086 519 1120 549 &
1142 516 1177 548 ad
1201 516 1328 560 nostram

267 561 518 592 Praesentationem
541 560 626 596 pleno
641 557 710 596 Jure
724 557 914 594 spestantem,
928 555 1081 586 Dilectum
1096 556 1181 586 nobis
1192 556 1222 586 in
1238 554 1326 586 Chn-

267 599 312 630 sto
325 599 485 638 Johannem
499 596 585 636 Fifher
605 596 750 627 Clericum
771 595 854 624 vobis
869 594 1086 634 praesentamus3

308 638 453 676 Rogantes
469 633 603 676 quatenus
619 635 728 664 eandm
749 632 907 671 Johannem
930 633 964 663 ad
982 632 1140 664 Ecclesiam
1158 631 1326 670 praedictam

266 676 435 715 admittere,
449 676 593 714 ipsumque
610 673 769 704 Rectorem
782 672 811 701 in
829 671 928 702 eadem
941 673 1081 702 canonice
1098 670 1241 702 instituere
1256 680 1328 701 curn

265 716 319 747 suis
333 717 446 754 juribus
460 717 492 745 &
508 712 685 745 Pertinentiis
700 710 848 748 universis,
864 718 1024 748 caeteraque
1040 719 1169 749 peragere
1209 719 1252 740 uae
1276 719 1327 741 ve-

268 755 327 785 stro
340 756 368 784 in
384 754 437 784 hac
452 762 529 791 parte
543 750 714 782 incumbunt
735 749 837 780 officio
852 747 980 787 pastorali
994 749 1086 780 velitis
1099 758 1170 780 curn
1198 757 1293 779 avore.

299 830 334 862 In
353 832 429 870 cujus
437 853 446 868 ,
463 829 524 860 δίε.

319 907 410 939 Teste
425 907 510 944 Rege
528 905 603 944 apud
619 903 898 945 Wstmonasterium,
918 904 954 943 xij
975 903 1021 935 die
1054 902 1138 934 Maii.

399 1074 448 1105 De
471 1070 681 1116 conspiratione
703 1077 806 1101 contra
831 1070 965 1113 Papam,
992 1067 1200 1112 mtficatoria.

268 1157 446 1218 CArifflme
468 1160 495 1187 in
510 1153 613 1196 Christo
632 1154 684 1186 Fili
708 1153 795 1194 noster
816 1152 938 1184 Salutem
959 1151 998 1190 ό
1011 1152 1194 1194 Apostolicam
1215 1153 1331 1183 Benedi-

335 1199 457 1227 aionem.

306 1236 389 1268 Cum
408 1233 654 1272 comperiissemus
676 1231 808 1262 Dilectos
832 1230 918 1262 Filios
940 1231 1068 1271 nostros,
1085 1230 1271 1262 Bendmellum
1291 1234 1330 1259 ti-

270 1274 321 1304 tuli
341 1275 450 1311 3*anae
465 1275 569 1303 Mariae
589 1279 669 1300 trans
685 1270 802 1300 Tiberim
816 1269 1058 1309 Presbiterum,&
1076 1270 1224 1311 Affonsum
1238 1270 1332 1299 sanasti

269 1314 400 1344 Theodori
421 1315 589 1348 Diaconum,
616 1308 774 1339 Cardinale5
793 1310 822 1338 in
848 1309 947 1340 Vitam
975 1309 1100 1340 nostram
1129 1307 1329 1347 Conspirasse,

270 1352 362 1390 deque
380 1352 462 1382 nobis
477 1350 546 1379 dolo
566 1348 643 1378 malo
660 1347 828 1378 occidendis
845 1348 1018 1386 tractavisse,
1035 1348 1122 1379 hodie
1141 1348 1264 1379 detinere
1279 1357 1329 1377 eos

266 1387 600 1429 juffimus,detentosque
615 1387 644 1416 in
662 1386 738 1418 Arce
757 1385 851 1417 nostra
869 1386 966 1418 Sanffi
984 1388 1086 1427 Angeli
1103 1385 1331 1429 asservandum

269 1430 403 1461 autentici
433 1426 582 1459 Processus
609 1425 689 1463 super
717 1435 754 1456 eo
777 1424 887 1456 Scelere
904 1425 979 1465 juste
1005 1435 1038 1458 ac
1064 1425 1190 1465 legitime
1214 1425 1334 1457 forman

270 1468 433 1506 conficique
454 1465 579 1504 possent3

307 1506 339 1538 Id
359 1506 492 1537 volumus
511 1500 658 1542 Majestati
676 1509 731 1531 tuae
749 1510 851 1533 notum
872 1502 914 1533 his
932 1502 1032 1534 nostris
1054 1502 1157 1535 Literis
1173 1503 1285 1542 facere,
1303 1511 1333 1534 ut

266 1546 334 1576 sciat
354 1555 407 1583 qua
425 1544 461 1574 de
475 1541 555 1574 causa
571 1542 604 1572 ad
624 1541 833 1572 Detentionem
854 1541 934 1571 istam
953 1542 1167 1581 devenerimus,
1181 1543 1229 1573 cui
1246 1545 1333 1572 etiam

266 1584 416 1616 Processus
431 1581 505 1620 ipsos
525 1581 674 1612 transmitti
687 1581 867 1620 curabimus,
889 1581 958 1610 cum
983 1581 1108 1620 primum
1126 1589 1208 1611 erunt
1231 1580 1333 1612 confe-

268 1623 327 1661 cti,
342 1620 585 1667 quemadmodum
601 1629 671 1650 cum
696 1618 856 1650 Venerabili
881 1619 977 1650 Fratre
999 1619 1126 1660 Epifiopo
1155 1619 1334 1659 Wigornienfi

266 1661 389 1691 Oratore
401 1659 475 1699 apud
496 1669 549 1689 nos
566 1667 635 1696 tuo,
659 1658 768 1694 loquuti
788 1659 892 1688 sumus.

305 1699 414 1730 Datum
433 1701 523 1728 Romae
540 1696 613 1735 apud
631 1696 770 1727 San&um
789 1696 905 1727 Petrum
920 1720 931 1735 ,
959 1696 1008 1727 sub
1029 1696 1148 1729 Annulo
1168 1696 1335 1735 Piscatoris,

269 1737 315 1767 die
339 1738 457 1768 decimo
474 1746 553 1767 nono
572 1734 665 1773 Maii,
688 1734 840 1765 millesimo
867 1735 1094 1775 quingentesimo
1113 1735 1230 1767 decimo
1252 1736 1335 1775 septi-

269 1785 341 1816 mo,
357 1774 545 1807 Pontificatus
560 1773 649 1805 nostri
663 1773 752 1806 Anno
766 1775 876 1812 quinto.

1078 1853 1260 1886 Bnmnus

378 1931 514 1971 Cariffimo
534 1934 583 2008 lirh
595 1929 698 1977 Christo
720 1928 788 1960 Ft'lio
814 1928 903 1969 nostro
931 1933 1049 1962 Hemico
1076 1930 1189 1970 Angliae
1208 1933 1273 1970 Regi
1293 1930 1335 1961 Il-

544 1981 561 1999 11
587 1980 619 1999 Υ1.

419 2109 513 2153 Super
539 2106 684 2153 VeHigctli
704 2132 714 2148 ,
735 2109 766 2137 in
792 2102 864 2137 Chio
886 2104 1009 2150 Insitla,
1033 2107 1169 2153 impzfito.

330 2192 449 2228 Cceptis
468 2192 573 2223 Literis
592 2191 780 2224 sublimitatis
801 2192 904 2224 vestrae
929 2190 1108 2230 (Sereniffime
1124 2203 1156 2222 ac
1178 2191 1338 2223 Praecellen-

347 2230 439 2271 tiffime
456 2231 526 2267 Rex)
544 2230 663 2266 Scriptis
677 2230 723 2261 die
737 2233 775 2268 xij
789 2230 894 2269 Aprilis
907 2229 986 2266 super
1001 2231 1142 2267 Vectigali
1157 2234 1187 2261 in
1203 2231 1268 2261 Chio
1281 2231 1337 2262 Di-

269 2272 354 2303 tionis
369 2269 476 2300 nostrae
493 2269 645 2306 impositO,
661 2269 742 2307 cujus
758 2269 851 2301 Causa
867 2267 958 2311 questi
976 2268 1037 2299 sunt
1054 2269 1169 2300 Subditi
1185 2269 1271 2301 vestri
1287 2271 1337 2309 qui

268 2310 444 2341 Mercaturae
466 2306 643 2339 Commodo
656 2317 720 2337 eam
738 2308 859 2339 Insulam
873 2312 1067 2345 trequentant:

306 2346 476 2380 Curandum
496 2346 595 2377 Nobis
612 2345 652 2376 est
672 2348 710 2376 ita
728 2347 780 2378 illis
797 2345 980 2385 respondere,
993 2354 1026 2377 ut
1049 2345 1114 2377 sciat
1134 2345 1270 2386 Maiestas
1286 2357 1338 2376 ve-

266 2387 325 2427 stra
345 2386 428 2424 Nos,
448 2386 570 2416 minime
588 2385 744 2422 cupiditate
762 2384 928 2416 Commodi
947 2384 1034 2414 nostri
1055 2384 1209 2422 adducws,
1232 2393 1263 2415 ut
1281 2385 1337 2416 ob-

266 2427 318 2465 jici
333 2425 444 2456 videtur
462 2447 472 2462 ,
500 2423 549 2454 sed
572 2424 695 2462 generali
717 2423 950 2454 Christianorum
979 2421 1112 2453 Utilitate
1133 2431 1230 2453 motos
1245 2446 1256 2462 ,
1284 2423 1338 2453 tale

271 2464 357 2495 Onus
371 2461 540 2501 imposuisse.

308 2501 456 2539 Imprimis
468 2522 480 2538 ,
505 2499 627 2531 fatemur
645 2497 767 2529 Insulam
793 2497 904 2529 Chium
922 2498 1047 2529 nostram
1064 2497 1222 2538 nostraeque
1241 2500 1339 2531 Ditio-

271 2543 315 2573 nis
333 2539 389 2571 effe
408 2548 439 2570 ut
456 2538 569 2568 dietum
589 2536 649 2576 est,
674 2537 707 2568 &
734 2537 834 2568 Nobis
853 2537 962 2569 licuisse
984 2547 1018 2568 ac
1036 2537 1121 2568 licere
1144 2539 1339 2578 quodcunque

272 2580 357 2610 Onus
375 2588 438 2609 eam
456 2577 543 2615 ipsam
562 2574 684 2607 Insulam
703 2575 959 2614 Frequentantibus
981 2578 1129 2613 imponere
1150 2588 1160 2615 3
1194 2577 1223 2608 id
1245 2586 1338 2608 autem

268 2616 424 2664 yectigal,
439 2615 516 2655 quod
535 2616 610 2654 aegre
629 2614 721 2645 ferunt
741 2615 951 2653 Anglici,sciat
970 2614 1103 2654 Majestas
1117 2615 1210 2654 vestra
1225 2616 1339 2654 quibus-

274 2666 389 2695 cunque
406 2654 567 2694 injuncmm
583 2653 639 2684 esse
653 2654 687 2684 ὃ(
705 2652 804 2684 Nobis
815 2653 877 2689 ipsis
892 2654 1033 2691 imprimis
1047 2676 1057 2692 ,
1088 2663 1121 2685 ac
1144 2654 1274 2686 Nomini
1288 2655 1339 2694 Ja-

272 2695 388 2732 nuenfi,
404 2703 457 2724 nec
477 2694 584 2723 ratione
601 2691 658 2722 ulla
677 2691 784 2723 Privati
810 2692 975 2723 Commodi
999 2694 1087 2723 nostri
1101 2715 1110 2730 ,
1135 2703 1229 2732 neque
1252 2701 1281 2724 ut
1303 2704 1337 2724 ex

274 2745 311 2765 eo
332 2733 401 2764 Nos
417 2731 615 2763 Emolumenti
636 2731 792 2769 quicquam
813 2732 1047 2769 perciperemu53
1077 2731 1120 2763 sed
1141 2741 1172 2762 ut
1193 2733 1252 2770 ejus
1267 2733 1338 2762 Pro-

272 2781 362 2805 ventu
387 2772 420 2803 &
446 2770 556 2801 Chium
590 2768 709 2801 Urbem
735 2770 770 2800 δε
797 2768 917 2801 Insulam
939 2780 955 2800 a
973 2770 1078 2801 Turcis
1099 2769 1226 2801 finitimis
1252 2779 1342 2801 tuere-

273 2821 353 2843 mur:

313 2849 414 2887 Nam,
432 2848 619 2887 praeterquam
636 2846 717 2885 quod
734 2845 927 2915 {aviffimum
948 2847 1213 2887 intolerandumque
1234 2847 1342 2880 Tribu-

275 2897 339 2920 tum
377 2888 512 2922 uotannis,
530 2895 564 2917 ex
589 2885 711 2916 Foedere
768 2887 815 2924 egi
840 2885 1007 2916 Turcorum
1034 2886 1155 2924 pendere
1180 2886 1341 2926 Cogimur,

277 2927 359 2964 quoti
380 2927 454 2956 ianas
468 2925 575 2962 insuper
591 2923 772 2963 Calumnias,
792 2934 823 2955 ut
845 2924 916 2955 Mos
938 2925 1059 2955 barbaris
1072 2924 1112 2955 est
1128 2948 1136 2964 ,
1168 2925 1248 2956 Auro
1270 2927 1342 2956 redi-

280 2974 358 2994 mere
375 2963 597 3001 compellimur,
614 2963 645 2993 &
667 2961 803 3001 Injurias,
825 2972 891 3001 quas
913 2963 1012 2993 Armis
1039 2963 1197 2994 admodum
1219 2964 1343 3003 Impares

279 3003 404 3034 refellere
418 3011 475 3032 non
499 3001 662 3040 possumuS,
676 3001 800 3032 Pecunia
824 3010 933 3033 tantum
952 3001 1040 3041 sopire
1057 3002 1167 3034 necesse
1181 3002 1237 3033 est:

317 3040 399 3071 Hinc
412 3049 496 3079 grave
513 3039 567 3070 AEs
586 3040 710 3070 alienum
730 3049 845 3078 ortum,
859 3050 889 3070 ut
909 3040 948 3069 ad
961 3048 1064 3070 centum
1079 3044 1180 3078 viginti
1192 3041 1267 3072 milia
1279 3046 1343 3073 Du-

283 3087 404 3111 catorum
423 3079 493 3109 illius
514 3078 635 3108 Generis
650 3081 822 3115 excreverit,
837 3080 885 3109 cui
899 3078 1091 3118 extinguendo
1104 3080 1181 3110 nulli
1193 3080 1246 3112 alia
1260 3083 1344 3112 ratio—

285 3129 322 3150 ne
338 3117 445 3148 mederi
459 3117 551 3154 potuit
566 3116 617 3146 nisi
632 3117 793 3155 hujusmodi
810 3117 1023 3155 Vectigalibus:

325 3158 345 3176 *⁴
364 3155 498 3194 AEquum
516 3154 556 3185 est
573 3156 651 3185 enirn
669 3163 718 3193 ut,
736 3157 783 3193 qui
806 3155 998 3186 Commercio
1018 3150 1101 3195 ‘hujus
1126 3156 1229 3188 nostrae
1244 3157 1344 3189 Insulae

287 3197 432 3232 fruuntur,
445 3193 599 3234 pauculum
618 3194 704 3223 etiam
727 3193 831 3224 Oneris
847 3194 881 3224 ad
896 3195 965 3225 illud
987 3195 1145 3226 Tuendum
1169 3197 1202 3227 &
1224 3195 1346 3227 Conser-

289 3234 415 3267 vandum
436 3232 594 3270 perferant,
608 3231 641 3262 ὃ(
656 3231 758 3262 Nostri
774 3232 918 3270 Imprimis
937 3233 1043 3263 nedum
1060 3233 1186 3265 Externi.

327 3272 466 3310 Namque
486 3271 516 3300 in
535 3269 596 3307 ipsis
611 3269 778 3300 Turcorum
800 3271 936 3301 Faucibus
951 3271 1040 3302 Insula
1053 3272 1117 3310 sita,
1131 3275 1168 3303 ne
1183 3272 1346 3305 Confestim

290 3312 469 3353 opprimatur
490 3308 708 3346 diripiaturque,
724 3308 779 3338 sola
795 3308 922 3340 Pecunia
937 3319 1066 3348 cavetur,
1083 3310 1240 3342 Pecuniam
1255 3322 1348 3343 autem

288 3349 464 3389 suppeditare
482 3348 513 3378 in
531 3355 659 3377 extremo
675 3369 684 3384 ,
710 3355 742 3377 ut
760 3347 797 3377 sic
814 3347 966 3378 dixerimus
981 3371 991 3387 ,
1018 3348 1101 3380 Orbe
1118 3350 1174 3381 sola
1193 3351 1350 3388 Vectigalia

310 3397 404 3421 ueunt.

287 3401 308 3429 q
329 3427 428 3458 Nobis
443 3425 530 3463 igitur
549 3433 598 3462 per
625 3421 734 3454 vestros
758 3423 874 3467 agendae
900 3423 1012 3455 Gratiae
1036 3425 1098 3456 sunt
1123 3426 1202 3464 quod
1226 3429 1348 3458 maxima

293 3466 472 3504 potiffimum
497 3463 593 3494 nostra
625 3461 753 3500 Impensa
783 3472 944 3500 majoreque
969 3464 1143 3496 Discrimine
1167 3465 1285 3496 Insulam
1314 3468 1348 3497 &

293 3503 515 3535 Commercium
534 3500 748 3538 conservemuS,
766 3510 826 3531 non
844 3502 938 3531 minus
955 3512 1081 3539 apertum
1099 3504 1161 3540 ipsis
1178 3514 1236 3534 non
1256 3507 1348 3535 minus

295 3542 464 3573 Commune
481 3542 567 3580 quam
585 3539 686 3570 Nobis
701 3548 734 3569 ac
752 3539 884 3569 Nostris:
902 3541 1023 3571 utinam!
1043 3543 1074 3572 in
1092 3543 1227 3572 omnibus
1240 3542 1350 3577 Regnis

294 3591 329 3612 ac
349 3579 525 3620 Regionibus
541 3587 635 3616 parem
654 3587 721 3608 cum
738 3577 834 3607 vestris
852 3577 1059 3609 Conditionem
1078 3581 1260 3617 haberemus,
1280 3582 1349 3612 licut

295 3619 345 3658 ipsi
371 3618 536 3648 Nobiicum
569 3617 691 3654 Legibus
723 3617 810 3654 aequis
834 3616 867 3646 ὃ(
893 3619 978 3654 aequis
1010 3618 1203 3649 Solutionibus
1229 3620 1350 3659 habent,

295 3666 419 3694 namque
434 3655 540 3691 majore
557 3656 647 3686 multo
666 3654 870 3685 Emolumento
888 3654 946 3684 Res
964 3655 1055 3686 nostra
1073 3658 1245 3694 procederet.

336 3696 475 3726 Desinant
494 3693 580 3727 igitur
600 3694 715 3732 Anglici
735 3693 908 3723 Mercatores
927 3703 984 3723 non
1002 3705 1080 3725 ¹veras
1096 3695 1240 3734 majestati
1253 3695 1351 3734 vestrae

302 3733 451 3773 Querellas
464 3730 628 3767 deferre,&
645 3731 923 3770 iciantjustiffimum
943 3731 1056 3770 Regem
1079 3734 1167 3764 nullas
1187 3733 1236 3764 nili
1254 3734 1354 3773 Justis-

299 3774 380 3803 simas
401 3768 549 3809 Quen-enas
560 3769 712 3799 admittere.

338 3810 404 3840 Nos
422 3814 454 3839 δε
473 3815 614 3838 memores
632 3807 723 3837 sumus
741 3808 775 3838 ὃς
793 3808 954 3839 meminisse
971 3809 1104 3840 volumus
1121 3811 1242 3848 antiquae
1258 3811 1292 3841 &
1306 3821 1354 3848 per

300 3850 398 3878 multas
416 3855 509 3877 aetates
532 3845 704 3875 continuatae
724 3845 927 3877 Benivolentiae
957 3847 1174 3887 progenitorum
1197 3848 1355 3887 Majestatis

301 3886 415 3923 vestm,
431 3887 463 3916 ὃς
478 3884 619 3922 praecipue
636 3883 786 3914 Charitatis
806 3886 888 3924 ipsius
911 3885 1008 3925 vestrae
1034 3886 1190 3926 Majestatis
1202 3896 1265 3925 erga
1285 3887 1352 3918 Nos

301 3925 334 3955 ἃ
356 3924 528 3953 Mercatores
547 3920 656 3963 nostros
678 3923 706 3951 in
723 3922 831 3960 Regnis
845 3925 960 3963 vestris,
974 3935 1058 3963 quam
1073 3926 1236 3955 conservare
1258 3927 1291 3956 δε
1308 3927 1352 3955 in-

299 3963 358 3992 dies
378 3963 467 3998 magis
486 3961 629 3998 magisque
653 3970 753 3996 augere
777 3964 875 3991 animo
900 3963 1035 3993 habemus
1053 3987 1063 3998 ..
1099 3963 1182 3994 firmo
1208 3963 1352 4002 stabilique

297 3999 440 4040 proposito
459 3999 590 4030 omnibus
608 3998 724 4029 Officiis
742 3999 946 4041 Obsequiisque
969 4005 1079 4032 Sacram
1100 4002 1276 4042 Mujcstatem
1300 4014 1351 4033 ve-

639 95 1462 149 CONVENTIONES,

1519 97 1910 151 LITERAE,

1347 187 1439 232 stram
1453 187 1535 218 omni
1551 194 1684 227 tempore
1699 189 1855 234 prosequi,
1879 189 1915 221 In
1940 189 2020 229 cujus
2039 188 2177 222 Gloriam
2206 189 2241 222 &
2262 186 2371 219 fuimus
2387 183 2421 219 &

1360 236 1463 257 erimus
1477 226 1584 265 semper
1600 229 1770 266 paratissimi.

1398 264 1467 296 Dat.
1486 265 1612 305 Januae,
1624 266 1669 297 die
1689 268 1828 299 vicesimo
1845 267 1924 299 sexto
1942 266 2036 307 Maii,
2049 267 2220 307 millesime,
2235 265 2421 307 quingentesi-

1359 313 1428 341 mo,
1446 303 1564 335 decrmo
1578 304 1706 344 septimo.

1401 384 1489 412 Sacrae
1510 384 1599 420 Regiae
1622 382 1782 423 Majestatis
1811 382 1909 424 vestre
1931 382 2053 414 Cultores
2072 379 2319 426 observantrffl'mi,

1399 459 1690 528 (ER-ramanus
1710 460 1960 501 Fucosvs,
1978 460 2091 499 Regius
2107 458 2308 502 Gubernator,

1427 507 1455 536 t,

1401 535 1546 567 Concilium
1566 540 1756 569 Antianorum
1774 537 1950 570 Communis
1959 538 2069 579 Januae.

2065 615 2295 649 Nicotaus.

1481 738 1540 773 Pro
1571 740 1730 774 Cardinali
1751 742 1857 775 Sancfli
1875 744 2018 790 Georgii,
2043 740 2079 775 de
2103 740 2316 776 intercedendo.

1370 827 1488 898 SAcra
1500 828 1596 867 Regia
1613 829 1764 869 Maiestas,
1783 830 1849 870 post
1866 832 2038 863 humillimas
2053 831 2343 864 Commendationes.

1449 864 1544 898 Pridie
1558 891 1567 906 ,
1592 878 1645 907 pro
1669 880 1702 900 ea
1727 870 1782 901 fide
1798 870 1975 901 observantia
1993 873 2026 904 &
2043 872 2199 902 devotione
2237 871 2273 903 uir
2291 868 2429 902 Sublimi-

1371 915 1457 950 tatem
1480 907 1600 938 vestram
1619 908 1727 947 semper
1746 909 1887 947 prosecuti
1903 909 1997 940 sumus
2011 932 2022 948 ,
2051 920 2161 948 proque
2175 920 2207 941 ea
2252 912 2334 941 ietate
2347 917 2430 948 atque

1371 954 1459 975 animi
1481 947 1676 985 magnitudine
1719 948 1753 978 ua
1773 948 1892 978 eandem
1914 947 2051 979 excellere
2065 958 2097 979 ac
2119 948 2224 986 pollere
2241 959 2301 980 non
2319 949 2432 987 ignora-

1371 993 1452 1022 mus,
1468 983 1626 1024 scripsimus
1645 985 1695 1016 Cel
1702 986 1804 1016 1tudim‘
1819 985 1919 1026 vestre
1936 984 2073 1017 Patruum
2091 986 2224 1017 nostrum
2242 987 2435 1018 Reverendis-

1369 1022 1474 1053 fimum
1490 1022 1656 1054 Dominum
1677 1025 1853 1054 Cardinalem
1870 1026 1963 1055 Sanc‘li
1982 1028 2106 1063 Georgii,
2122 1024 2298 1056 Sanfflffimi
2310 1025 2434 1056 Domini

1369 1060 1456 1091 nostri
1475 1061 1561 1100 Papae
1579 1072 1613 1093 ac
1633 1061 1745 1094 Sandtae
1763 1063 1910 1094 Rornanae
1927 1063 2064 1095 Ecclesiae
2092 1062 2291 1095 Camerarium'
2306 1087 2316 1102 ,
2348 1064 2433 1095 fuiffe:

1369 1099 1529 1131 Detentum
1548 1102 1576 1131 in
1596 1100 1703 1133 Palatio
1723 1112 1740 1132 a
1756 1101 1801 1133 sua
1819 1102 2114 1142 Beatitudine,neque
2131 1101 2252 1134 Causam
2272 1102 2356 1134 ullam
2369 1112 2431 1134 tan·

1369 1146 1407 1169 tae
1424 1138 1480 1170 Rei
1496 1139 1635 1178 explicare
1653 1141 1798 1178 potuimus
1811 1164 1821 1179 ,
1843 1151 1911 1173 curn
1931 1142 2035 1173 eodem
2056 1146 2209 1173 momento
2226 1150 2286 1182 quo
2301 1140 2434 1174 detentus

1369 1178 1440 1216 fuit,
1463 1177 1584 1210 scribere
1602 1179 1718 1211 cohacti
1736 1179 1880 1211 fuerimus.

1405 1217 1496 1248 Nunc
1512 1226 1606 1249 autem
1625 1220 1678 1256 ne,
1695 1218 1772 1258 quod
1791 1218 1887 1259 postea
1905 1218 2255 1258 suceefferit,praeteriifle
2275 1218 2435 1259 videamur,

1367 1254 1490 1286 Causam
1507 1257 1564 1286 esse
1581 1256 1768 1295 intelligimus
1781 1257 1862 1295 quod
1876 1257 2006 1298 quaedam
2025 1257 2138 1298 Verba,
2160 1268 2226 1297 quae
2249 1268 2348 1290 coram
2373 1258 2435 1296 ipso

1367 1293 1523 1324 Cardinalis
1538 1293 1676 1335 Senensis,
1693 1297 1733 1326 uti
1749 1296 1858 1332 juvenis
1878 1306 1932 1326 nec
1947 1297 1976 1326 in
1998 1296 2142 1334 loquendo
2156 1298 2214 1327 satis
2264 1297 2303 1328 nli
2317 1297 2435 1335 habens,

1366 1332 1494 1365 adversus
1514 1332 1685 1364 Pontificem
1701 1336 1872 1372 protulerat,
1884 1344 1945 1365 non
1960 1334 2040 1366 illico
2054 1334 2204 1367 Sanctitati
2230 1345 2274 1366 uae
2288 1357 2300 1374 ,
2325 1336 2367 1366 uti
2380 1335 2434 1366 de⁴

1367 1372 1448 1410 beat,
1466 1371 1666 1403 Renuntianda
1688 1374 1837 1404 curaverit.

1406 1410 1497 1450 Qod
1513 1412 1591 1442 certe
1600 1432 1609 1450 ,
1625 1411 1740 1451 quando
1752 1413 1790 1443 ita
1803 1412 1851 1450 sir,
1866 1421 1926 1443 non
1940 1412 2087 1450 possumus
2099 1411 2149 1443 nisi
2164 1411 2295 1444 Erratum
2309 1412 2344 1444 &
2358 1411 2435 1443 Pec-

1367 1458 1466 1481 catum
1483 1450 1540 1481 efl'e
1555 1451 1589 1483 ὃς
1605 1450 1749 1482 dicere&
1760 1450 1856 1489 fateri3
1871 1460 1963 1481 unum
1974 1459 2071 1482 tamen
2087 1452 2171 1482 nobis
2186 1451 2383 1490 persuademus
2396 1452 2431 1483 &

1370 1498 1423 1528 pro
1446 1489 1605 1520 indubitato
1619 1489 1761 1520 affirmare
1781 1491 1814 1522 &
1835 1489 1953 1520 asserere
1972 1489 2051 1528 posse
2064 1500 2125 1520 non
2139 1490 2318 1528 dubitamus,
2335 1489 2434 1527 Ipsum

1369 1538 1429 1558 non
1445 1536 1479 1558 ex
1496 1525 1606 1558 Malitia
1624 1530 1658 1560 &
1673 1528 1776 1559 Animi
1801 1529 1946 1559 voluntate
1966 1529 2011 1560 sed
2041 1538 2075 1560 ex
2106 1528 2375 1568 Inconsyderatione
2398 1528 2433 1560 &

1369 1566 1490 1607 quadam
1513 1567 1607 1607 potitis
1625 1567 1812 1608 Negligentia
1827 1567 1959 1605 peccasse
1976 1578 2008 1599 ac
2021 1567 2180 1606 prolapsum
2196 1567 2259 1598 esse.

1409 1605 1491 1645 Qn'd
1508 1615 1612 1644 nempe
1627 1607 1721 1637 minus
1736 1606 1884 1637 verisimile
1901 1606 1943 1636 est
1958 1630 1968 1645 ,
1998 1607 2102 1646 quidve
2120 1607 2214 1638 minus
2237 1605 2314 1638 credi
2330 1606 2437 1638 debet?

1371 1645 1459 1683 quam
1477 1644 1556 1682 quod
1575 1644 1732 1676 cardinalis
1740 1646 1799 1684 jam
1817 1644 1910 1676 Senex
1928 1646 1963 1677 ὃ(
1981 1645 2095 1684 Opibus
2120 1644 2223 1677 Gratia
2244 1646 2277 1677 &
2299 1643 2438 1676 Audieri-

1371 1692 1426 1715 tate
1444 1693 1502 1713 non
1520 1682 1651 1722 infimus,
1672 1694 1762 1725 neque
1776 1685 1862 1716 etiarn
1877 1685 2065 1715 humanarum
2085 1684 2195 1715 Rerum
2213 1693 2310 1722 expers
2330 1685 2365 1716 ὃ(
2381 1685 2439 1714 im-

1370 1722 1491 1762 peritus,
1507 1731 1574 1753 eum
1589 1721 1762 1754 Pontificem
1775 1722 1874 1754 laedere
1891 1733 1924 1754 ac
1943 1732 2100 1761 provocare
2120 1723 2260 1762 voluerit,
2276 1723 2324 1762 qui
2338 1721 2438 1754 secum

1370 1763 1398 1792 in
1418 1761 1598 1792 Cardinalatu
1614 1761 1850 1799 conjuncriffime
1867 1761 1900 1792 &
1918 1762 2110 1793 amantiffime
2127 1763 2252 1800 vixerat,
2266 1762 2341 1794 &in
2357 1760 2439 1792 Pon-

1372 1800 1477 1832 tificatu
1494 1809 1570 1831 tanta
1586 1799 1680 1831 seeum
1697 1801 1839 1839 Lenitate,
1852 1799 2029 1838 Benignitate
2044 1803 2078 1833 &
2099 1800 2279 1832 Liberalitate
2298 1800 2360 1831 usus
2375 1801 2439 1831 fue-v

1371 1849 1411 1870 rat
1421 1849 1468 1874 ,ut
1484 1839 1571 1869 nichil
1588 1839 1625 1869 ab
1643 1849 1679 1870 eo
1692 1839 1898 1878 desyderaverit
1911 1840 1989 1879 quod
2007 1849 2066 1869 non
2082 1842 2157 1878 prius
2172 1839 2334 1878 impetrasse
2349 1840 2437 1877 quarn

1370 1878 1479 1916 petiisse
1494 1877 1582 1908 videri
1601 1879 1741 1917 potuerit3
1756 1878 1825 1916 quid
1843 1879 1960 1916 inquam
1981 1879 2076 1908 minus
2095 1877 2341 1916 credibile‚quam
2359 1876 2441 1916 quod

1371 1919 1448 1949 hunc
1469 1915 1662 1955 Pontificem,
1674 1919 1734 1948 tam
1750 1917 1787 1947 de
1805 1917 1831 1947 se
1849 1925 1946 1948 tamve
1963 1916 1999 1947 de
2017 1916 2148 1948 universo
2163 1915 2330 1948 Christiano
2346 1915 2431 1946 Orbe

1372 1956 1582 1988 Benemeriturn
1600 1955 1700 1986 laedere
1716 1955 1856 1987 voluerit?

1408 1994 1436 2027 Is
1455 1993 1629 2031 Cardinalis,
1646 1996 1693 2032 qui
1712 1995 1782 2025 olim
1799 1994 1894 2032 junior
1914 1993 1947 2025 &
1965 1994 2060 2024 multis
2078 2003 2135 2034 quo
2157 2004 2191 2025 ue
2210 1992 2374 2025 incomodis
2396 1992 2439 2024 af-

1372 2033 1480 2072 fectus,
1491 2032 1639 2064 Alexandri
1651 2033 1801 2072 Tempora
1812 2033 1844 2064 &
1861 2032 1929 2072 Julii
1946 2032 2072 2064 Secundi
2092 2032 2133 2063 Di
2169 2033 2302 2064 cultatem
2317 2041 2350 2062 ac
2366 2031 2440 2062 Mo-

1373 2073 1515 2104 rositatem
1534 2071 1734 2112 patientissime
1753 2070 1983 2103 innocentissime
2005 2072 2038 2102 &
2061 2072 2171 2103 summa
2189 2080 2259 2102 cum
2279 2071 2382 2102 Animi
2399 2072 2441 2101 ae-

1374 2112 1479 2151 quitate
1494 2110 1647 2147 transegit?

1414 2151 1547 2190 Quoquo
1565 2149 1659 2180 modo
1677 2148 1739 2180 Res
1756 2148 1782 2180 se
1799 2149 1902 2181 habeat
1918 2172 1928 2187 ,
1952 2148 2031 2180 Eum
2051 2159 2142 2189 neque
2167 2148 2330 2179 excusamus
2348 2156 2442 2186 neque

1373 2190 1458 2221 etiam
1478 2188 1720 2225 condemnamus3
1734 2187 1798 2226 sed,
1810 2188 1880 2218 cum
1897 2188 1969 2218 nihil
1991 2188 2022 2218 lit
2037 2189 2114 2227 quod
2133 2189 2273 2226 imprimis
2288 2187 2324 2218 de
2345 2187 2442 2218 divina

1374 2228 1480 2258 Pietate
1497 2229 1531 2259 ὃ(
1550 2226 1650 2257 Gratia
1673 2225 1775 2257 deinde
1795 2228 1810 2243 ⁸*
1828 2226 1865 2258 de
1888 2226 2052 2258 Clementia
2073 2227 2106 2258 &
2127 2226 2348 2257 Mansuetudine
2370 2228 2443 2256 San-

1374 2266 1479 2306 fflffimi
1493 2268 1604 2295 Domini
1617 2263 1699 2304 nostri
1715 2264 1823 2302 sperare
1835 2264 1914 2303 posse
1933 2275 1993 2295 non
2009 2266 2171 2304 videamus,
2183 2273 2314 2304 rogamus
2328 2263 2442 2294 Sereni-

1373 2314 1461 2336 tatem
1475 2304 1597 2334 vestram
1617 2311 1648 2332 ut
1667 2303 1753 2332 etiam
1772 2303 1879 2341 ipsam,
1895 2313 1946 2341 pro
1964 2301 2062 2339 Regia
2078 2302 2224 2340 Bonitate,
2243 2311 2350 2342 proque
2366 2302 2443 2332 invi-

1375 2344 1421 2373 &a
1437 2343 1538 2372 Animi
1553 2340 1770 2380 Magnitudine,
1792 2341 1940 2378 praefatum
1959 2340 2097 2371 Patruurn
2120 2340 2249 2371 nostrum
2271 2341 2346 2378 apud
2371 2344 2445 2371 San-

1375 2380 1512 2420 Hiffimum
1527 2381 1675 2410 Dominum
1689 2378 1806 2418 nostrum
1823 2378 2058 2410 commendatum
2074 2379 2176 2410 habere
2194 2380 2337 2417 dignetur.

1414 2419 1514 2457 Nam,
1531 2426 1560 2448 ut
1576 2419 1745 2448 omittamus
1762 2418 1849 2455 qu‘am
1869 2418 2017 2456 proprium
2036 2417 2070 2448 &
2088 2418 2229 2457 peculiare
2247 2418 2280 2449 sit
2295 2419 2444 2450 bonorum

1377 2458 1494 2498 Regum
1513 2465 1739 2495 magnorumque
1759 2455 1930 2494 Principum
1949 2456 2006 2487 esse
2030 2455 2164 2488 Pietatem
2193 2456 2446 2496 Clementiamque

1377 2507 1524 2534 exercere,
1541 2503 1626 2533 utque
1645 2495 1729 2526 etiam
1748 2503 1890 2526 taceamus
1905 2503 2010 2533 quanta
2034 2494 2241 2527 Beneficiorum
2265 2495 2447 2534 Magnitudi-

1378 2546 1414 2566 ne
1431 2533 1712 2566 Reverendiffimum
1730 2534 1877 2571 praefatum
1895 2536 2042 2564 Dominum
2057 2534 2229 2564 cardinalem
2245 2535 2278 2566 ὃς
2301 2544 2352 2565 nos
2372 2534 2446 2573 ipsos

1377 2573 1510 2614 Majestas
1532 2572 1626 2612 vestra
1648 2572 1680 2603 sit
1700 2571 1884 2610 devinCtura,
1901 2573 1968 2603 licet
1990 2573 2126 2603 minimos
2146 2574 2178 2604 &
2197 2573 2307 2604 inutiles
2325 2572 2446 2611 Servos,

1377 2624 1435 2643 non
1452 2622 1548 2644 tamen
1566 2610 1772 2649 praeteribimus
1790 2620 2022 2642 commemorare
2039 2611 2248 2642 Sublimitatem
2270 2610 2391 2642 vestram
2410 2613 2445 2644 ἃ

1378 2652 1452 2689 apud
1468 2651 1608 2682 Homines
1624 2658 1786 2693 perpetuam
1803 2649 1930 2680 Laudem
1947 2651 1979 2681 &
1995 2650 2069 2687 apud
2089 2650 2329 2689 Omnipotentem
2346 2650 2445 2681 Deum

1379 2691 1513 2721 Gratiam
1529 2688 1632 2727 Magni
1651 2688 1772 2727 Meriti,
1788 2698 1821 2718 ex
1844 2689 2063 2719 conservatione
2086 2690 2119 2720 δε
2143 2688 2340 2720 incolumitate
2365 2689 2446 2728 hujus

1378 2729 1535 2765 Hominis,
1559 2738 1609 2766 per
1625 2726 1761 2758 Errorem
1781 2728 1873 2765 magis
1888 2729 1973 2766 quam
1996 2736 2045 2765 per
2067 2727 2249 2759 Voluntatem
2269 2727 2337 2765 lapsi
2352 2750 2363 2766 ‚
2394 2729 2446 2758 libi

1377 2768 1589 2799 vendicaturam
1609 2765 1682 2805 esse,

1419 2807 1510 2845 Quod
1529 2815 1608 2835 tanto
1625 2805 1764 2842 speramus
1783 2804 1890 2835 facilius
1909 2803 2037 2835 futurum
2057 2804 2128 2843 effe,
2150 2810 2257 2842 quanto
2276 2802 2336 2834 Res
2353 2803 2395 2834 est
2412 2805 2443 2834 in

1382 2845 1520 2876 Manibus
1537 2844 1606 2874 illius
1621 2843 1785 2882 pontificis,
1801 2844 1880 2881 cujus
1905 2842 2056 2881 Bonitaris,
2074 2841 2443 2880 Clementiae,Misericor-

1379 2885 1434 2915 diae
1449 2885 1481 2915 &
1500 2882 1723 2914 Mansuetudinis
1746 2883 1893 2912 neminem
1915 2881 2049 2912 haetenus
2066 2891 2212 2921 expertum
2232 2882 2288 2912 esse
2306 2889 2353 2911 aut
2368 2881 2445 2912 vidi-

1380 2934 1442 2954 mus
1461 2931 1508 2952 aut
1523 2921 1697 2959 audivimus;
1713 2921 1791 2959 Quae
1809 2919 1975 2951 faeliciffima
1992 2920 2023 2951 sit
2038 2920 2071 2950 δε
2084 2922 2132 2951 cui
2149 2922 2251 2951 iterum
2266 2921 2299 2952 ὃ(
2316 2919 2443 2950 humilli-

1379 2965 1429 2993 m‘e
1444 2972 1496 2992 nos
1515 2960 1759 2991 commendamus.

1418 3004 1507 3031 Romae
1518 3022 1528 3038 ,
1539 3000 1637 3038 quinto
1648 2998 1745 3037 junii,
1763 2997 1912 3028 millesimo
1925 2996 2152 3036 quingentesimo
2165 2996 2284 3029 decimo
2297 2996 2430 3036 septimo.

1653 3078 1812 3105 serenitatis
1830 3073 1929 3113 vestrae

1811 3149 1967 3182 Humillimi
1985 3153 2139 3182 Ser-vitores
2145 3174 2155 3190 ,

1458 3230 1559 3261 Cffis.
1578 3229 1738 3261 Ancflre
1750 3237 1927 3259 PIscoPU
1939 3237 1951 3258 s
1980 3227 2092 3259 Pisanus
2108 3228 2266 3260 Patriarcha
2282 3229 2366 3260 Alez.

1454 3270 1740 3299 OcTAvrANth
1757 3267 1985 3298 Episcopus
2006 3266 2336 3299 VITERB1ENs1s.

1459 3305 1976 3338 GALssAquthcEcoMiss
1999 3313 2048 3334 DE
2074 3304 2255 3337 Restio.

1459 3346 1709 3376 FRANcrcus
1745 3343 1940 3375 SFoRT1A
1977 3343 2219 3376 VtcEcoMEs
2253 3354 2302 3377 niz
2333 3344 2442 3376 Rea·

1547 3393 1630 3415 R1o.

1431 3536 1480 3568 De
1501 3534 1632 3578 Perfione
1644 3543 1698 3579 pro
1719 3530 1882 3564 Cardinale
1904 3530 2039 3565 Eborum
2059 3543 2115 3579 per
2133 3533 2240 3577 Regem
2259 3531 2395 3576 Castellae.

1388 3625 1447 3688 C

1458 3618 1650 3656 HARLES,
1676 3628 1724 3656 par
1745 3618 1769 3648 la
1786 3618 1883 3649 Grace
1901 3619 1937 3649 de
1954 3617 2029 3648 Dieu
2045 3638 2055 3654 ,
2084 3615 2174 3646 RoY
2195 3616 2228 3646 de
2247 3617 2356 3657 castille
2369 3642 2379 3658 ,
2408 3620 2441 3651 de

1468 3661 1560 3697 Leon,
1576 3658 1608 3687 de
1629 3656 1773 3695 Grenade,
1793 3657 1972 3693 d’Arragon,
1986 3656 2019 3684 de
2033 3655 2187 3692 Nasuam,
2208 3655 2254 3684 des
2275 3657 2347 3686 deux
2363 3657 2440 3688 Sicil-

2441 176 2542 212 Anni

2443 226 2542 289 §3⁷3⁴

2447 836 2542 870 Ann..

2467 884 2542 915 1517

2451 919 2503 943 An.
2516 925 2542 951 9.

2454 959 2490 983 H.
2510 954 2538 983 8.

2453 992 2542 1021 Biblc

2453 1038 2504 1058 ton.
2521 1036 2542 1060 'V

2453 1070 2507 1097 tell.
2523 1070 2540 1097 b

2445 1107 2496 1146 fol.
2524 1117 2542 1145 ¹:

2482 2217 2542 2245 Ox·

2461 3619 2536 3652 Ann.

2482 3666 2542 3698 ¹517

1387 3695 1423 3724 les
1433 3720 1442 3733 ,
1455 3697 1486 3725 de
1500 3695 1656 3735 Jerufidem
1664 3718 1674 3734 ,
1691 3696 1722 3725 de
1735 3695 1844 3725 Valence
1853 3718 1862 3733 ,
1871 3695 1903 3724 de
1917 3694 2080 3732 Maiorque,
2093 3692 2125 3721 de
2137 3692 2276 3731 Sardayne
2284 3717 2294 3732 ,
2305 3695 2338 3724 de
2353 3695 2439 3737 Corfi-
2457 3701 2508 3726 Aa.
2524 3706 2541 3732 9

1389 3745 1431 3771 ce,
1445 3733 1506 3768 &a
1527 3735 1584 3765 AR
1595 3743 1642 3764 εΗ
1653 3744 1663 3764 1
1674 3743 1728 3765 DU
1738 3745 1755 3764 x
1771 3733 1946 3772 Amastrin,
1962 3731 2050 3761 Duc
2068 3730 2101 3759 de
2122 3732 2311 3771 Burgoingne,
2332 3733 2366 3763 de
2381 3738 2439 3765 Lo·
2459 3741 2492 3764 H.
2512 3736 2537 3765 8.

1388 3773 1494 3810 thringe
1504 3796 1512 3810 ,
1526 3773 1558 3801 de
1574 3774 1720 3810 Brabant,
1736 3774 1768 3803 de
1783 3770 1885 3808 Stiere,
1900 3770 1932 3800 de
1946 3772 2057 3798 Carinte
2066 3790 2075 3805 ,
2096 3768 2128 3796 de
2142 3769 2284 3809 Carniole,
2302 3771 2333 3801 de
2354 3775 2440 3803 Lem-
2458 3779 2498 3802 Ex
2511 3777 2542 3802 Aa

1387 3811 1486 3847 bourgh
1495 3834 1504 3849 ,
1518 3812 1550 3840 de
1563 3810 1771 3847 Luxembourgh
1780 3834 1789 3848 ,
1803 3809 1842 3844 (ἓν
1855 3811 1887 3839 de
1901 3807 2030 3837 Gheldres
2041 3829 2050 3844 ,
2066 3805 2095 3836 C
2104 3816 2125 3836 o
2135 3814 2158 3836 N
2168 3815 2192 3837 Τ
2204 3816 2222 3838 Ε
2246 3808 2278 3838 de
2292 3809 2440 3851 Flandres,
2457 3820 2525 3851 togr.

1388 3850 1420 3878 de
1442 3849 1622 3886 Habsbourgh
1632 3872 1641 3888 ‚
1654 3850 1687 3879 de
1699 3849 1774 3879 Uro!
1780 3872 1790 3886 ,
1803 3849 1931 3878 d’Artois
1943 3869 1953 3884 ‚
1984 3845 2016 3875 de
2030 3847 2214 3882 Bourgoingne
2235 3846 2259 3876 P
2269 3857 2289 3878 A
2297 3857 2318 3879 1..
2329 3859 2349 3879 A
2360 3858 2404 3881 τι
2414 3859 2438 3881 N

1388 3886 1425 3922 ὠ
1440 3888 1471 3916 de
1490 3891 1647 3926 Haynnau,
1662 3888 1716 3918 LA
1727 3896 1749 3917 N
1760 3895 1905 3918 TGRAv
1916 3894 1934 3915 E
1954 3882 2094 3921 arElface,
2114 3882 2277 3916 PRINcE
2294 3887 2327 3916 de
2343 3890 2440 3918 Zuua-

1385 3936 1438 3962 ve,
1466 3925 1532 3956 MA
1542 3935 1625 3964 RQ]
1636 3935 1668 3956 1s
1688 3927 1720 3955 de
1743 3929 1867 3962 Burgaw
1886 3920 1926 3957 ῤ’
1947 3921 1983 3951 du
1999 3924 2078 3951 Saint
2094 3922 2204 3960 Empire
2235 3924 2268 3953 de
2280 3925 2417 3956 Hollana'e
2426 3950 2438 3966 ‚
2483 3956 2486 3959 ,

1384 3965 1416 3993 de
1432 3964 1572 4003 Zeelana',
1595 3965 1626 3993 de
1639 3967 1780 4001 Ferreae,
1793 3964 1826 3993 de
1846 3961 1981 3998 Kiovurg,
1997 3959 2030 3989 de
2049 3961 2158 3990 Namur
2189 3945 2228 3997 ὁ

1385 4001 1556 4040 (ΞοΝτε,
1581 4002 1812 4039 sammua
1837 4000 1870 4029 de
1897 3997 1987 4036 Frifi„
2009 3998 2055 4028 des
2075 3983 2204 4029 Marclies
2250 3963 2282 3993 de
2295 3964 2439 4003 Zuytphm

2225 4000 2258 4031 de
2278 4001 2439 4042 Sclavonie,

2406 4042 2443 4073 de
