2542 4274
795 139 908 182 ET
993 138 1264 182 ACTA

98 219 176 252 Ann.
193 219 235 251 D.
246 221 348 260 possis,
363 231 396 254 ac
415 222 434 254 fi
455 223 615 262 hujusmodi
630 222 804 257 Beneficium
824 227 869 258 vel
887 226 1044 265 Beneficia,
1060 226 1248 257 Praebendam
1264 224 1310 258 vel

102 309 113 325 ¹
119 269 215 334 317ιί
246 261 416 292 Praebendas
428 263 528 292 valoris
544 263 715 303 suprascripti
725 288 734 301 ,
744 266 773 295 in
785 265 920 296 Titulum
934 266 1093 304 obtineres,
1188 268 1190 270 ’

133 341 155 365 R
280 299 324 329 Ex
339 309 414 330 certa
428 300 551 332 Scientia
567 304 600 333 &
616 313 696 333 mero
719 303 808 335 Motu
824 304 941 342 nostris,
964 304 1082 334 Tenore
1103 303 1303 340 Praesentium‚

155 346 193 373 eg.

245 337 450 376 concedimus,
468 339 599 370 Gratiam
614 341 944 380 facimus,dispensamus
956 342 989 372 &
1010 342 1304 380 indulgemus3Legi—

246 376 315 412 bus,
339 375 616 419 Constitutionibus,
638 380 823 418 Canonibus,
839 381 1074 411 Ordinationibus
1087 390 1134 412 aut
1149 381 1264 411 Statutis
1276 380 1305 409 in

242 422 417 444 contrar1um
433 426 492 446 non
504 418 680 448 obstantibus
699 419 931 458 quibuscumque.

283 451 316 481 In
337 462 458 495 quorum
477 457 612 487 omnium
630 457 717 488 fidem
736 459 770 490 &
786 457 984 489 testimonium
1004 457 1052 488 has
1075 458 1184 488 Literas
1198 455 1306 488 nostras

243 489 303 521 fieri
319 490 438 522 fecrmus
452 493 589 525 Patentes.

279 528 315 559 ln
331 530 410 560 cuus
428 533 467 561 rei
556 557 563 564 .

281 540 376 598 TesteJ
389 535 601 611 Reginagcacimd
619 571 1043 613 Wstmonasterium,vicefimo
1060 573 1143 604 tertio
1159 573 1206 604 die
1225 572 1309 604 Maii.

804 653 858 681 Per
882 654 975 681 Breve
987 650 1020 680 de
1034 652 1154 680 Privato
1170 648 1271 688 Sigillo.

581 778 632 809 De
651 776 832 810 Prote-{lione
852 777 969 823 Regali.

95 860 173 890 Ann.
186 856 226 890 D.
245 859 420 915 REgina,
435 862 498 892 &c.
517 862 653 892 omnibus
673 860 815 892 Ministris
840 861 981 893 Fidelibus
1003 862 1038 893 &
1059 861 1187 893 Subditis
1208 861 1259 893 suis
1272 861 1308 892 ad

118 907 202 937 1572.
324 909 393 936 quos
415 900 477 929 &c.
509 899 645 930 Salutem.

97 937 228 976 lbid.m.3.
280 936 379 966 Sciatis
393 937 472 975 quod
489 937 574 975 Nos,

278 974 324 1005 Ex
341 974 547 1015 Regiarnostra
564 976 772 1015 Praerogativa,
790 988 876 1016 quam
888 977 1023 1008 nolumus
1044 977 1101 1008 esse
1115 977 1288 1017 arguendam
1299 1000 1310 1016 ,

242 1014 424 1051 providentes
437 1014 604 1053 Securitati,
626 1015 723 1046 dilecti
744 1016 858 1046 Subditi
872 1016 960 1046 nostri
975 1039 985 1053 ,
1014 1016 1123 1046 Roberti
1145 1017 1306 1046 Hitchecoke

244 1052 401 1090 Generosi,
415 1053 460 1084 seu
474 1063 657 1092 quocumque
679 1055 735 1084 alio
754 1054 888 1085 Nomine
903 1055 949 1085 vel
964 1054 1172 1094 Cognomine,
1188 1055 1245 1085 five
1258 1055 1306 1086 ad-

243 1090 351 1121 ditione
364 1091 507 1122 Nominis
520 1092 564 1122 vel
579 1091 797 1131 Cognominis,
816 1095 959 1124 censeatur
975 1095 1020 1124 vel
1035 1103 1233 1131 nuncupetur,

283 1129 330 1160 De
354 1130 453 1161 Gratia
469 1130 564 1161 nostra
577 1131 704 1168 speciali,
720 1141 754 1161 ac
772 1141 806 1161 ex
825 1142 900 1163 certa
919 1132 1041 1162 Scientia
1061 1134 1094 1163 &
1118 1142 1200 1161 mero
1215 1131 1306 1162 Motu

244 1168 363 1207 nostris,
379 1179 415 1199 ne
435 1168 473 1199 illi
487 1170 576 1207 aliqua
593 1169 750 1208 violentia,
766 1170 937 1206 Artestatio‚
953 1170 1188 1209 Distrie‘tio,five
1203 1169 1306 1210 Impri-

244 1207 441 1238 sonamentum
459 1208 502 1238 vel
518 1209 632 1246 aliquod
648 1208 883 1247 Detrimentum,
906 1209 1058 1239 occasione
1073 1208 1190 1246 alicujus
1205 1209 1307 1239 Debiti

243 1245 483 1285 Transgressionis
498 1246 655 1285 Compori,
669 1247 714 1277 vel
726 1247 839 1285 alicujus
855 1248 966 1278 alterius
980 1248 1114 1278 Affionis
1135 1247 1232 1284 placiti
1246 1257 1308 1277 rea-

244 1284 277 1313 lis
293 1284 337 1319 vel
351 1285 514 1323 personalis,
535 1286 581 1316 seu
595 1286 796 1324 cujuscumque
817 1285 1077 1316 Condemnationis
1098 1287 1178 1323 ipfius
1196 1286 1307 1316 Roberti

246 1322 409 1353 Hitchecoke
424 1325 576 1355 occasione
597 1325 832 1363 Praemiflbrum,
848 1325 891 1355 vel
908 1325 1023 1363 alicujus
1036 1326 1143 1355 alterius
1158 1325 1199 1354 rei
1214 1325 1307 1355 versus

245 1362 369 1392 eundem
386 1363 530 1392 Robcrtum
545 1364 578 1394 ad
593 1363 707 1394 Senam
724 1363 838 1401 alicujus
851 1363 1053 1402 cujuscumque
1067 1372 1131 1394 ante
1150 1363 1214 1394 haec
1230 1372 1307 1394 tem-

242 1409 314 1438 pora
328 1401 467 1431 initorum
491 1402 654 1432 habitorum
671 1403 716 1433 vel
736 1401 945 1440 imposterum,
966 1403 1083 1432 durante
1097 1402 1223 1439 praesenti
1235 1403 1308 1433 Pro-

244 1439 370 1469 tectione
386 1442 419 1472 ὃ(
435 1440 515 1471 Salva
533 1440 639 1471 Gardia
652 1440 772 1478 nostris,
789 1441 989 1471 habendorum
1004 1441 1059 1471 sive
1076 1441 1308 1478 movendorum,

243 1477 395 1516 inferatur,
410 1478 580 1518 suscepimus
594 1479 684 1517 ipsum
699 1478 845 1509 Robertum
864 1478 1042 1517 Hitchecoke,
1066 1488 1099 1509 ac
1123 1489 1226 1509 omnes
1241 1479 1307 1509 Ser-

243 1516 368 1554 vientes,
386 1517 608 1555 Manucaptores
619 1540 628 1555 ,
643 1516 779 1555 Plegios,
798 1518 944 1556 Factores,
961 1518 1083 1556 Terras,
1097 1518 1156 1548 Res
1169 1540 1178 1555 ,
1200 1517 1310 1548 Reddi-

243 1561 304 1592 ωε,
320 1554 399 1586 Bona
414 1556 446 1586 ὃ(
463 1555 587 1594 Catalla,
604 1555 794 1587 Mercandisas
810 1557 843 1587 &
859 1566 962 1586 omnes
978 1556 1167 1586 Posseffiones
1182 1555 1258 1599 suas,
1278 1558 1308 1587 in

243 1590 464 1624 Protefflonem
473 1618 483 1633 ‚
500 1595 670 1626 Tuitionem
678 1617 688 1633 ,
705 1594 912 1626 Defensionem
926 1597 960 1627 &
973 1594 1084 1626 Salvam
1100 1594 1241 1626 Gardiam
1254 1605 1308 1625 no-

242 1628 312 1661 stras
328 1632 475 1670 speciales,

282 1669 419 1702 Volentes
436 1671 470 1701 &
487 1672 650 1702 mandantes
664 1672 746 1702 vobis
762 1673 796 1702 &
813 1671 930 1701 cuilibet
944 1669 1072 1700 vesti-sim
1087 1672 1167 1708 quod
1177 1672 1308 1709 ,dietum

244 1708 390 1738 Robertum
413 1709 593 1746 Hitchecoke,
616 1720 649 1739 ac
665 1718 766 1738 omnes
789 1708 964 1745 Servientes,
985 1707 1226 1747 Manucaptores,
1245 1711 1309 1740 Ple-

243 1747 322 1784 gios,
337 1747 487 1784 Fmstores,
506 1747 628 1784 Terras,
644 1746 722 1784 Res,
745 1745 899 1784 Redditus,
917 1746 1012 1784 Bona,
1022 1746 1129 1778 Catalla
1150 1748 1182 1778 &
1198 1748 1310 1779 Poffes-

243 1784 333 1814 siones
351 1784 407 1815 suas
422 1785 575 1823 praedidta,
589 1785 802 1822 manuteneatis,
819 1786 969 1824 protegatis
990 1785 1024 1816 &
1045 1785 1199 1816 defendatis
1213 1811 1223 1826 ,
1248 1797 1309 1817 non

243 1823 396 1853 inferentes
424 1823 462 1852 eis
482 1832 537 1853 nec
558 1833 660 1853 eorum
681 1823 764 1853 alicui
787 1824 833 1853 vel
847 1823 985 1861 aliquibus
1004 1823 1101 1855 inferri
1115 1825 1310 1862 permittentes

243 1859 380 1899 Injuriam
389 1884 398 1899 ,
411 1859 580 1892 Molestiam
590 1885 600 1900 ,
614 1861 782 1899 Dampnum
792 1884 802 1900 ,
822 1862 1044 1892 Arrestationem
1058 1872 1105 1894 aut
1121 1863 1308 1903 Gravamen,

244 1899 279 1929 &
298 1899 317 1929 sl
330 1899 399 1939 quid
415 1900 454 1930 eis
469 1899 515 1930 vel
535 1910 637 1931 eorum
657 1900 740 1931 alicui
760 1899 941 1931 forisfatitum
965 1901 1021 1931 five
1044 1901 1203 1940 injuriatum
1227 1902 1310 1934 fuerit

245 1946 345 1969 contra
358 1946 489 1969 tenorem
505 1938 749 1977 supradietum‚id
764 1940 803 1969 eis
815 1939 849 1970 &
872 1949 975 1971 eorum
997 1939 1083 1970 alicui
1099 1940 1156 1971 fine
1172 1941 1310 1973 dilatione

244 1977 390 2007 emendari
406 1978 440 2008 &
457 1976 601 2008 reformari
617 1978 740 2017 faciatis,

282 2015 422 2046 Volumus
440 2017 524 2047 etiam
543 2017 623 2056 quod
641 2017 721 2047 idern
741 2015 872 2046 Robertus
891 2017 1111 2056 Hitchecoke,ac
1129 2028 1230 2050 omnes
1246 2019 1310 2050 Ser-

244 2054 374 2092 vientes,
392 2053 633 2094 Manucaptores,
652 2055 786 2094 Plegios,
805 2055 953 2095 FaCtores,
970 2056 1090 2095 Terras,
1106 2056 1181 2096 Res,
1203 2058 1312 2089 Reddi-

245 2100 306 2131 tus,
324 2093 419 2132 Bona,
442 2092 550 2125 Catalla
576 2095 609 2126 δε
629 2093 816 2124 Poffeffiones
840 2094 923 2132 ipsius
951 2094 1064 2124 Robertt'
1087 2095 1140 2127 fint
1168 2097 1254 2134 quieti
1275 2097 1311 2127 de

243 2132 383 2163 omnibus
398 2133 432 2162 &
451 2134 628 2164 omnimodis
646 2133 780 2172 Placitis,
794 2132 905 2172 scetis,
924 2133 1056 2172 Qerelis
1074 2134 1108 2165 &
1123 2134 1312 2166 Executioni-

244 2169 298 2200 bus
319 2170 554 2210 quibuscumque.

281 2208 317 2239 In
332 2210 412 2245 cujus
431 2210 471 2240 rei
490 2210 705 2243 Testimonium
725 2211 773 2242 has
796 2211 907 2243 Literas
926 2211 1034 2243 nostras
1049 2210 1107 2243 fieri
1121 2212 1244 2244 fecimus
1257 2213 1312 2245 Pa-

243 2255 346 2286 tentes,
361 2258 411 2286 per
425 2259 517 2280 unum
532 2250 649 2282 Annum
666 2252 808 2289 integrum
824 2250 977 2282 duraturas.

281 2286 373 2319 Teste
388 2286 506 2326 Regina
522 2289 597 2327 apud
615 2288 875 2328 Wstmonasterium
884 2290 1037 2328 ,vicesimo
1052 2298 1153 2330 quarto
1168 2291 1214 2322 die
1227 2289 1313 2322 Maii.

816 2368 870 2397 Per
884 2369 978 2397 Breve
994 2367 1026 2398 de
1040 2370 1161 2399 Privato
1176 2368 1276 2407 sigillo.

467 2496 516 2527 De
535 2495 756 2541 Praeftntatione
769 2494 862 2541 fitper
883 2495 1093 2541 Refignatione.

92 2581 171 2614 Ann.
181 2580 224 2612 D.

116 2631 127 2650 1
132 2629 146 2658 5
152 2629 198 2658 72.

93 2661 213 2690 lbid.m,2
219 2680 225 2685 .

246 2576 421 2631 REgina,
438 2580 573 2611 omnibus
586 2579 621 2610 ad
643 2589 733 2618 quos,
751 2581 815 2612 δίε.
852 2579 988 2611 Salutem.

344 2616 444 2648 Sciatis
461 2619 542 2656 quod
562 2618 647 2655 Nos,
670 2618 707 2648 de
723 2618 821 2649 Gratia
844 2619 938 2649 nostra
960 2619 1090 2658 speciali,
1115 2629 1191 2652 certa
1212 2622 1313 2654 Scien-

242 2657 280 2686 tia
297 2655 330 2685 &
347 2665 428 2686 mero
450 2656 541 2687 Motu
564 2655 681 2694 nostris,
695 2657 823 2687 dedimus
845 2659 878 2689 &
895 2657 1101 2696 concessimus,
1116 2670 1148 2690 ac
1167 2670 1214 2698 per
1232 2663 1312 2693 Prae-

242 2693 348 2733 stnteS,
364 2704 417 2734 pro
436 2694 555 2733 Nobis,
567 2694 739 2726 Haeredibus
756 2696 789 2725 &
805 2695 1018 2727 Succefforibus
1032 2697 1150 2736 nostris,
1165 2699 1263 2731 damus
1280 2701 1313 2732 &

244 2733 434 2764 concedimus
456 2756 466 2770 ,
498 2733 605 2764 dileeto
626 2733 727 2763 Nobis
747 2733 777 2763 in
798 2732 916 2763 Christo
944 2735 1086 2765 Willielmo
1116 2740 1195 2775 Daye
1217 2739 1312 2770 Sacrae

244 2772 421 2809 Theologiae
437 2772 593 2802 Professori
608 2773 641 2803 &
658 2771 817 2809 Praepofito
830 2771 956 2809 Collegii
972 2773 1061 2804 nostri
1081 2774 1240 2808 Etonienfis
1251 2778 1314 2808 De-

115 2815 136 2835 *
145 2817 170 2842 X
176 2818 200 2842 V
206 2835 214 2843 .

137 2863 203 2890 709·
247 2850 288 2880 (sti
310 2849 436 2886 Georgii
451 2850 524 2880 infra
541 2848 675 2879 Castrum
693 2848 826 2879 nostrum
841 2849 878 2879 de
892 2849 1056 2880 Windesor.
1076 2852 1155 2890 jam,
1174 2863 1225 2891 per
1244 2855 1315 2886 libe-

246 2898 309 2918 ram
331 2888 572 2926 Refignationem
591 2890 697 2926 Georgii
713 2891 812 2918 carew
827 2897 918 2925 nuper
934 2887 1049 2919 Decani
1065 2890 1189 2927 ejusdem
1212 2903 1315 2924 vacan-

248 2935 323 2965 tem,
341 2927 374 2957 &
393 2927 428 2957 ad
446 2926 573 2957 nostram
592 2926 791 2957 Donationem
812 2926 896 2963 pleno
925 2936 973 2956 ure
996 2927 1169 2965 speetantem
1184 2953 1194 2968 ,
1215 2942 1249 2962 ac
1269 2933 1314 2972 ip-

247 2966 310 2995 sum
329 2968 372 2994 W
371 2965 506 2995 illielmum
530 2968 609 3005 Daye
625 2968 767 2994 Decanum
780 2964 887 3001 Collegii
896 2937 958 3005 ssve
972 2965 1063 2996 liberae
1085 2968 1203 3006 Capellae
1218 2970 1313 3010 nost'rae

247 3006 339 3041 Regiae
346 3005 491 3042 praedicZae
502 3003 660 3042 ,facimus,
675 3003 840 3035 ordinamus
854 3004 888 3035 ὃς
910 3003 1109 3037 constituimus
1124 3016 1172 3045 per
1187 3007 1313 3041 Praesen-

244 3050 304 3079 tes,

283 3079 479 3119 Habendum‚
497 3082 672 3120 tenendum,
697 3081 880 3113 Decanatum
899 3083 1070 3121 praedkstum
1090 3084 1210 3122 praefato
1234 3085 1312 3116 Wil-

243 3118 332 3149 lielmo
346 3123 425 3159 Daye
445 3120 562 3151 durante
578 3121 646 3151 Vita
660 3120 707 3151 sua
722 3121 854 3159 naturali,
872 3131 942 3152 cum
961 3123 1312 3193 omnibusdluribus’st'u-

245 3156 454 3188 risditstionibus
464 3159 690 3197 ,Libertatibus,
703 3158 992 3199 Privilegiis,Titulis
1002 3184 1011 3199 ,
1022 3163 1101 3199 quoti
1124 3163 1191 3192 ianis
1206 3163 1247 3193 Di
1275 3165 1312 3194 ri-

246 3196 430 3234 butionibus,
447 3196 638 3234 Dividentiis,
652 3197 903 3237 Excrescentibus,
921 3199 1163 3239 Refeetionibus,
1180 3200 1312 3233 Mansio-

245 3235 329 3265 nibus
339 3258 348 3272 ‚
363 3234 531 3275 Domibus,
544 3234 702 3274 AEdificiis,
719 3236 836 3275 Terris,
851 3237 1057 3277 Tenementis,
1072 3238 1312 3280 Prati5,Pascuis,

246 3271 388 3311 Pasturis,
401 3273 521 3312 Hortis,
537 3273 694 3312 Pomariis‚
709 3274 844 3305 Gardinis
875 3276 1034 3315 clausuris,
1054 3277 1163 3316 Boscis,
1186 3279 1312 3310 Subbos-

245 3312 287 3341 cis
319 3311 507 3350 Redditibus,
523 3311 755 3344 Reventionibus
769 3314 825 3345 five
868 3315 1038 3353 ommuniis,
1054 3316 1159 3355 Aquis,
1182 3317 1294 3355 Stagnis

246 3334 388 3394 Piscariis,
399 3349 619 3394 Piscationibus‚
640 3361 675 3395 ac
688 3352 824 3382 omnibus
838 3354 872 3384 ὃς
892 3353 1071 3384 omnimodis
1084 3355 1143 3385 aliis
1156 3343 1312 3396 Proficuis}

247 3388 495 3427 Allocationibus,
511 3388 779 3421 Commoditatibus
791 3413 800 3429 ,
821 3391 1022 3430 Advantagiis‚
1041 3392 1252 3426 Emolumentis
1277 3398 1311 3428 &

248 3426 501 3458 Haereditamentis
514 3428 862 3468 quibuscumque‚eidem
879 3430 1041 3462 Decanatui
1058 3433 1263 3470 pertinentibus
1278 3435 1311 3466 si-

248 3475 285 3496 ve
302 3465 508 3505 speetantibus3
547 3492 551 3496 .

286 3504 333 3535 Eo
354 3504 434 3542 quod
453 3505 578 3542 expressa
594 3507 721 3544 menne,
739 3507 802 3538 &c.

287 3542 322 3573 In
338 3544 414 3581 cujus
430 3543 486 3580 rei,
501 3543 562 3574 &c.

322 3581 411 3612 Teste
427 3581 542 3621 Regina
556 3582 630 3621 apud
650 3581 930 3624 Wstmonasterium,
946 3586 1087 3619 vicefimo
1102 3589 1186 3620 tertio
1200 3589 1244 3621 die
1262 3589 1313 3630 Ju-

249 3629 299 3650 nll-
815 3665 869 3694 Per
885 3667 977 3695 Breve
998 3665 1031 3695 de
1046 3667 1168 3696 Privato
1179 3665 1280 3703 Sigillo.

572 3792 623 3825 De
643 3792 793 3841 Indigenis
802 3795 967 3840 faciendis.

106 3873 184 3917 Anu,
197 3886 239 3918 D,
251 3878 417 3934 HEnrick
433 3882 585 3921 Lodwich,
603 3881 653 3913 sub
673 3882 849 3916 Obedientia
871 3889 958 3916 Ducis
981 3886 1084 3918 cleviae
1100 3891 1250 3933 oriundus,
1266 3896 1315 3927 seu

128 3934 159 3958 15
165 3933 214 3962 72,
253 3927 512 3993 Indiggsscumque
526 3921 582 3952 alio
595 3920 746 3961 Nomine,
767 3922 852 3955 habet
872 3924 979 3957 Literas
993 3926 1120 3965 Reginae
1133 3930 1267 3966 Parentes
1280 3935 1316 3966 de

106 3968 166 3992 Par.
182 3974 222 3999 ¹4·
396 3980 404 3987 ·

105 4003 177 4030 zliz.
193 4010 218 4039 p.
289 3994 377 4024 Teste
396 3994 512 4033 Regina
529 3999 603 4034 apud
619 3999 894 4041 Wstmonasterium,
908 4004 1004 4041 primo
1025 4004 1071 4036 die
1079 4005 1157 4044 julii.

108 4040 135 4069 8.
145 4050 181 4068 m.
193 4050 241 4079 34,
287 4035 342 4063 Pro
357 4033 444 4064 decem
458 4034 553 4066 solidis
560 4036 658 4074 solutis
670 4042 701 4070 in
714 4041 879 4078 Hanaperio.

246 2819 385 2841 canat-im
400 2810 524 2850 Collegii
541 2809 627 2841 nostri
643 2810 699 2841 five
713 2810 810 2840 liberae
825 2810 951 2848 Capellae
965 2812 1068 2842 nostrae
1086 2813 1190 2853 Regiae
1208 2818 1226 2836 ²*
1244 2817 1315 2848 San-

1348 139 1826 182 PUBLICA.
2339 153 2418 193 149

1347 224 1518 257 Confimiles
1534 225 1640 256 Literas
1663 226 1791 257 Patentes
1810 226 1846 257 de
1870 225 2015 266 Indigenis
2037 226 2135 259 fiendis
2156 226 2260 258 habent
2276 223 2408 256 Personae
2431 223 2509 255 Ann.
2522 225 2542 256 L

1404 262 1565 302 subscriptae
1579 264 1614 295 de
1629 264 1692 296 data
1712 266 1745 297 &
1761 275 1814 303 pro
1830 264 1885 296 fine
1899 268 1987 297 etiam
2004 266 2162 306 subscriptis
2175 278 2184 305 3
2197 264 2344 302 videlicet,
2434 273 2542 339 ἐξὲξ.

1382 340 1527 380 Johannes
1540 342 1622 372 Shutt
1655 340 1704 371 sub
1721 341 1895 374 Obedientia
1911 346 1995 374 Ducis
2010 343 2178 375 Gelderland
2188 340 2337 379 oriundus,
2361 340 2407 371 seu
2466 347 2523 378 Reg.

1341 389 1524 418 quocumque
1537 381 1590 411 alio
1608 366 1761 418 Nomine,
1775 381 1835 411 &c.

1378 457 1470 487 Teste
1484 457 1600 494 Regina
1613 457 1686 495 apud
1706 456 1981 497 Iffislmonasterium,
1996 462 2094 498 primo
2108 460 2154 491 die
2164 460 2243 498 Julii.

1381 498 1435 525 Pro
1449 495 1535 525 decem
1549 495 1644 525 Solidis
1652 495 1754 535 solutis
1768 499 1798 526 in
1813 498 1979 534 Hanaperio.

1384 574 1489 603 Garret
1500 576 1637 641 Barssng,
1650 573 1704 617 ’sub
1720 573 1895 605 Obedientia
1918 577 2091 613 Imperatoris
2108 576 2260 615 oriundus,
2275 576 2320 608 stu
2336 586 2407 615 quo-

1348 612 2033 691 cumc'lIk'lebstZhORegqffllrazi'iguijlsestmonasterium,
2051 653 2146 690 primo
2159 653 2205 684 die
2222 653 2297 692 Julii.

1385 692 1440 719 Pro
1457 690 1543 719 decem
1555 689 1649 718 Solidis
1657 689 1757 729 solutis
1775 693 1804 719 in
1819 693 1987 728 Hanaperio.

1386 766 1544 806 Jarvacius
1566 764 1698 803 Bowlyn,
1722 766 1773 796 sub
1794 767 1966 798 Obedientia
1985 770 2149 799 Francorum
2166 771 2243 806 Regis
2260 770 2410 808 oriundus,¹

1346 803 1392 836 seu
1417 814 1600 844 quocumque
1615 804 1671 833 alio
1686 803 1821 836 Nomine
1832 808 1912 843 ,&c.

1384 881 1474 912 Teste
1492 881 1605 921 Regina
1617 881 1691 920 apud
1699 881 1886 921 Gorhambury
1895 906 1903 921 ,
1912 883 2029 915 decimo
2043 885 2089 916 die
2097 886 2172 925 Julii.

1383 923 1439 951 Pro
1450 921 1536 951 decem
1550 920 1646 951 Solidis
1653 918 1753 959 firlutix
1767 923 1795 951 in
1812 923 1978 960 Hanaperio.

1385 1001 1532 1040 Blanfhett
1551 1004 1657 1040 Dupree
1666 1024 1676 1040 ,
1689 1001 1740 1032 sub
1754 1001 1928 1033 Obedientia
1940 1005 2102 1035 Francorum
2115 1008 2194 1044 Regis
2206 1006 2340 1039 oriundus
2349 1007 2409 1046 ,seu

1347 1050 1535 1080 quocumque
1555 1041 1612 1071 alio
1630 1039 1782 1079 Nomine,
1795 1042 1859 1072 &c.

1385 1120 1474 1151 Teste
1493 1119 1605 1160 Regina
1618 1121 1692 1158 apud
1702 1121 1903 1159 Gorhambury,
1921 1121 2038 1153 decimo
2052 1123 2099 1154 die
2109 1123 2187 1162 Julii.

1382 1161 1437 1189 Pro
1451 1159 1536 1188 decem
1551 1158 1750 1198 Solidissblutis
1766 1163 1795 1189 in
1808 1163 1975 1198 Hanaperio.

1384 1239 1517 1269 Robertus
1529 1238 1661 1280 Tyndall,
1679 1240 1729 1270 sub
1747 1240 1920 1273 Obedientia
1938 1246 2033 1273 Scotiae
2056 1245 2166 1281 Reginae
2187 1245 2322 1277 oriundus
2335 1269 2345 1285 2
2369 1246 2413 1277 seu

1347 1285 1534 1319 quocumque
1550 1279 1606 1310 alio
1620 1278 1776 1317 Nomine,
1792 1281 1854 1311 &c.

1382 1357 1472 1389 Teste
1490 1356 1607 1394 Regina
1626 1357 1700 1395 apud
1719 1357 1927 1397 Gorhambury,
1950 1359 2185 1391 vicesimo-nono
2199 1360 2245 1392 die
2263 1360 2341 1399 Julii.

1385 1399 1440 1426 Pro
1460 1395 1598 1434 trcstz'ecim
1617 1396 1710 1426 Solidir
1726 1394 1765 1431 ὀ·
1782 1404 1897 1436 quatuor
1912 1400 2043 1427 Denariis
2056 1397 2175 1437 solutis,
2189 1399 2249 1435 &a

1385 1472 1530 1512 Johannes
1546 1473 1679 1503 Vanhove
1694 1497 1704 1513 ,
1730 1473 1781 1504 sub
1801 1474 1976 1504 Obedientia
1994 1474 2110 1515 Philippi
2125 1476 2324 1516 Hispaniarum
2337 1481 2416 1518 Regis

1349 1513 1501 1550 oriundus,
1519 1511 1565 1543 seu
1580 1522 1764 1552 quocumque
1781 1512 1837 1543 alio
1855 1513 2078 1551 Nomine,&c.

1386 1588 1476 1619 Teste
1494 1589 1613 1627 Regina
1626 1591 1700 1627 apud
1713 1590 1917 1630 Gorhambury,
1937 1592 2076 1622 vicefimo
2091 1602 2172 1623 nono
2194 1594 2240 1625 die
2253 1593 2332 1633 Julii.

1388 1630 1443 1657 Pro
1459 1628 1544 1657 decem
1557 1627 1653 1658 Solidis
1662 1627 1764 1667 fhlutis
1783 1632 1812 1658 in
1835 1632 2001 1667 Hanaperio.

1390 1707 1543 1746 Franciscus
1559 1710 1665 1753 Paper,
1683 1708 1732 1739 sub
1753 1696 1928 1752 Qbedientia
1948 1710 2145 1750 Hispaniarum
2167 1717 2246 1752 Regis
2267 1715 2420 1756 oriundus,

1350 1745 1396 1775 seu
1411 1756 1595 1785 quocumque
1613 1747 1669 1778 alio
1686 1746 1837 1785 Nomine,
1853 1749 1917 1779 δίε.
1987 1751 1993 1755 “

1388 1821 1478 1854 Teste
1495 1822 1614 1860 Regina
1626 1823 1701 1862 apud
1713 1823 1916 1864 Gorhambury,
1931 1825 2039 1857 octavo
2051 1826 2097 1857 die
2111 1827 2240 1867 Augusti.

1389 1863 1443 1891 Pro
1458 1863 1544 1891 decem
1558 1861 1652 1891 Solidis
1667 1862 1778 1900 fiilutis,
1794 1861 1854 1897 &a

1388 1937 1535 1977 Johannes
1549 1939 1658 1979 Smythe
1667 1961 1677 1978 ,
1700 1940 1750 1970 sub
1764 1939 1941 1971 obedientia
1956 1944 2131 1979 Imperatoris
2145 1944 2369 1985 oriundus,&c.·

1388 2015 1478 2046 Teste
1484 2015 1599 2054 Regina
1608 2017 1681 2054 apud
1692 2015 1964 2057 Wstmonasterium,
1969 2017 2089 2049 decimo
2099 2029 2198 2057 quarto
2213 2022 2258 2053 die
2267 2024 2419 2059 octobris.

1395 2056 1449 2084 Pro
1465 2054 1551 2084 decem
1563 2054 1661 2086 solidis
1673 2056 1783 2094 solutis,
1799 2054 1860 2090 &c-

1390 2131 1536 2171 Johannes
1555 2136 1661 2174 Reyne,
1679 2134 1730 2165 sub
1744 2135 1918 2169 Obedientia
1934 2142 2109 2177 Imperatoris
2126 2142 2280 2182 oriundus,
2294 2145 2359 2177 &c.'

1393 2209 1507 2240 *Teste
1523 2209 1636 2249 Regina
1651 2214 1725 2251 apud
1740 2214 2079 2255 Wstmonasteriam‚xiv
2097 2218 2143 2250 die
2159 2219 2307 2253 Oc‘tobris.

1390 2249 1446 2279 Pro
1459 2249 1546 2279 decem
1561 2249 1658 2280 Solidis
1665 2251 1781 2291 solutis,
1797 2253 1858 2289 &a
2465 2226 2479 2243 ‘
2491 2227 2541 2254 XV

2487 2274 2540 2301 ylo

1351 2325 1505 2396 dusThcgczgs
1517 2325 1726 2368 chamberlein,
1748 2330 1799 2362 sub
1820 2331 1994 2365 Obedientia
2014 2334 2210 2373 Hispaniarum
2231 2340 2310 2375 Regis
2329 2341 2425 2372 oriun-

1409 2387 1420 2403 ,
1496 2388 1501 2394 .

1352 2441 1479 2511 brgeste
1496 2443 1600 2482 Regina
1615 2446 1689 2484 apud
1701 2446 2125 2489 Wstmonallerium,vicefimo
2141 2453 2247 2487 oetavo
2263 2454 2309 2488 die
2324 2457 2421 2489 Otto-

1389 2522 1444 2550 Pro
1459 2519 1513 2559 fix
1528 2521 1624 2552 Solia'ix
1635 2522 1674 2558 ό·
1690 2526 1747 2554 οέῖο
1763 2528 1893 2556 Denariis
1901 2526 2013 2567 filulis,
2031 2529 2091 2564 &a

1350 2601 1557 2670 &ngillielmus
1571 2604 1725 2642 Here-share
1732 2628 1742 2644 ,
1750 2606 1801 2637 sub
1816 2606 1991 2640 Obedientia
1998 2613 2078 2648 Regis
2094 2613 2258 2643 Francorum
2273 2613 2422 2654 oriundus,

1352 2716 1625 2786 Ogggreis,Reginfi
1648 2720 1722 2759 apud
1748 2722 2010 2765 Wstmonasterium
2023 2748 2034 2764 ‚
2061 2727 2201 2759 vicefimo
2229 2729 2354 2761 secundo
2376 2731 2422 2763 die

1386 2796 1440 2823 Pro
1454 2794 1541 2824 decem
1554 2795 1649 2826 solidis
1654 2796 1752 2836 solutis
1760 2823 1770 2837 ,
1789 2799 1849 2835 &c.

1389 2873 1525 2901 Harmon·
1533 2874 1690 2914 Hackloouft
1698 2899 1707 2914 ‚

1350 2910 1402 2941 &c
1723 2875 1772 2907 sub
1788 2876 1960 2910 Obedientia
1980 2879 2100 2919 Eptfiopi
2117 2882 2243 2923 Munster
2265 2886 2421 2927 oriundus,

1384 2987 1474 3018 Teste
1485 2987 1603 3032 *Regina
1619 2991 1694 3028 apud
1713 2991 1968 3034 Westmonasterium
1978 3019 1988 3034 ,
2005 2995 2133 3028 secundo
2157 2999 2205 3029 die
2222 3000 2415 3035 Novembris.

1385 3027 1439 3055 Pro
1461 3025 1569 3057 dtmidio
1585 3031 1692 3059 Marcae
1701 3029 1808 3070 fhluto,
1825 3031 1886 3066 ὅγε.

1388 3105 1482 3143 Deryk
1496 3103 1614 3145 Lynffin
1623 3129 1632 3144 ,
1647 3106 1698 3137 sub
1712 3107 1884 3140 Obedientia
1898 3112 1982 3140 Ducis
1997 3109 2100 3141 cleviae
2113 3114 2250 3147 oriundus
2259 3140 2267 3155 ,
2285 3120 2348 3152 &c.

1385 3181 1475 3213 Teste
1495 3182 1608 3221 Regina
1626 3184 1701 3221 apud
1706 3185 1983 3226 westmonasterium,
2001 3188 2129 3221 secundo
2142 3191 2188 3222 die
2204 3192 2398 3230 Novembris.>

1386 3223 1441 3250 Pro
1463 3221 1571 3251 dimidio
1586 3224 1692 3252 Marcae
1708 3223 1885 3264 soluto,&c.

1383 3297 1532 3342 Nicholaux
1548 3301 1675 3340 Merycar
1697 3300 1843 3348 Clericus,
1867 3304 1918 3336 sub
1935 3305 2126 3350 'obedientia
2152 3311 2317 3341 Francorum
2335 3315 2414 3354 Regis

1346 3337 1500 3375 oriundus,
1513 3336 1559 3369 seu
1575 3348 1758 3380 quocumque
1773 3343 1827 3373 aho
1843 3342 1998 3384 Nomine,
2014 3347 2075 3378 &c.
2408 3381 2416 3389 ,

1384 3413 1472 3446 Teste
1490 3415 1607 3453 Regina
1623 3417 1698 3454 apud
1709 3407 1983 3462 Wstmonasterim
1999 3425 2056 3455 xiii.
2070 3425 2116 3456 die
2131 3424 2321 3460 Novembris.

1384 3454 1439 3483 Pro
1451 3453 1558 3484 dimidio
1572 3456 1678 3486 Marcae
1684 3456 1775 3496 soluto
1786 3462 1816 3490 in
1829 3462 1995 3499 Hanaperio.

1549 3590 1598 3622 De
1618 3591 1838 3636 Praestntatione
1852 3593 1914 3641 post
1942 3597 2202 3641 Deprivationem.

1352 3663 1517 3718 REgina,
1536 3665 1598 3711 &c.
1617 3667 1790 3699 Reverendo
1805 3671 1834 3700 in
1857 3669 1975 3701 Christo
1995 3672 2087 3712 Patri,
2102 3675 2234 3714 Johanni
2248 3702 2257 3716 ,
2283 3679 2410 3713 Permis-
2432 3687 2501 3719 Αῃη
2522 3690 2542 3719 L

1430 3705 1505 3748 sione
1523 3704 1620 3749 divma
1639 3707 1793 3739 Norwicen.
1815 3709 1955 3748 Epifiopo,
1978 3711 2072 3748 ejusve
2093 3714 2123 3743 in
2145 3715 2279 3749 Absentia
2298 3723 2408 3751 Vicario
2506 3714 2523 3745 .-

1347 3744 1376 3773 in
1396 3742 1590 3781 spiritualibus
1605 3744 1754 3784 Generali,
1772 3747 1907 3778 Salutem.

1386 3781 1434 3812 Ad
1446 3783 1603 3826 'Relloriarn
1619 3782 1753 3815 Ecclefiae
1779 3785 1953 3817 Parochialis
1983 3789 2016 3817 de
2039 3789 2188 3830 Aldburgh
2210 3804 2279 3826 cum
2308 3798 2411 3839 Hasy'l.

1350 3820 1474 3864 woodin
1491 3820 1639 3864 Comitatu
1656 3822 1753 3853 nostro
1769 3824 1920 3855 Suffolcire
1935 3826 2034 3857 vestrae
2052 3828 2209 3869 Dioecefis,
2238 3837 2329 3866 modo
2363 3849 2412 3876 per

1351 3859 1592 3903 Deprivationem
1622 3860 1793 3897 legittimam
1806 3863 1957 3901 aJohannis
1973 3866 2160 3907 WiHoughbye
2180 3872 2272 3903 ultimi
2294 3860 2412 3907 Indum-

1351 3900 1446 3929 bentis
1465 3897 1608 3935 ejusdem,
1630 3909 1779 3943 vacantem
1798 3904 1831 3933 &
1850 3902 1883 3932 ad
1903 3903 2030 3934 nostram
2049 3905 2300 3942 Prcesentationem
2324 3915 2411 3951 pleno

1349 3935 1766 4005 jug-§spectantemssiledtum
1781 3941 1864 3970 nobis
1879 3942 2023 3972 Robertum
2037 3946 2148 3977 Norton
2164 3948 2315 3982 Clericum
2330 3956 2413 3985 vobis

1373 3986 1385 4005 r
1422 3983 1564 4013 entamus3

1352 3985 1371 4014 P
1391 4012 1538 4051 Rogantes
1551 4037 1561 4052 ,
1579 4023 1715 4059 quatenus
1736 4017 1859 4048 eundem
1875 4019 2038 4059 Rohertum,
2061 4021 2096 4053 ad
2117 4024 2224 4056 didiam
2244 4027 2412 4061 Reffliriam

1355 4052 1390 4083 de
1403 4051 1551 4093 Aldburgh
1566 4062 1634 4084 curn
1648 4054 1817 4088 Haiilwood
1834 4057 1966 4092 praedie'ta
1990 4060 2140 4094 admittere
2155 4087 2165 4103 ,
2186 4065 2330 4105 ipsumque
2353 4069 2413 4101 Rc-

1834 4103 1847 4132 3
2303 4104 2416 4143 &orem

2430 3766 2542 3805 ibid.p.;

2478 3820 2526 3843 43-
