2542 4274
0 174 14 193 ι.
28 161 70 193 D.

0 211 46 238 70.

3 242 70 267 eriz.

0 594 21 614 i.
37 583 78 614 D.

5 632 40 651 *0

0 650 46 690 alul.

0 1633 53 1660 (V.

0 2330 17 2350 ι.
35 2319 73 2350 D.

2 2368 49 2396 70.

12 2409 41 2425 12

2 2444 54 2473 .p.

3 2476 65 2505 .1S.

513 75 1165 121 CONVENTION

126 168 172 199 Eo
186 167 265 206 quod
281 164 403 204 expressa
419 165 549 204 mentiof,
566 165 627 197 &c.

126 206 160 237 In
177 207 255 244 cujus
274 207 332 243 rei,
351 206 410 235 &c.

85 84 162 138 138

128 282 218 314 Teste
241 281 356 320 Regina
379 281 452 322 apud
470 280 659 322 Gorhambury
677 282 744 313 xxiv
761 282 807 313 die
826 281 933 313 Martii.

663 362 716 389 Per
731 363 825 390 Breve
839 360 871 389 de
886 361 1006 388 Privato
1021 355 1119 394 Sigillo.

303 499 353 531 De
378 499 540 542 Rougecros
564 493 748 537 Purfivando
771 493 934 538 constituto.

100 583 269 639 REgina,
286 582 348 613 &c.
367 581 505 612 omnibus
519 580 554 611 ad
571 589 662 618 quos,
680 581 742 611 &o
783 579 919 611 Salutem.

198 622 298 653 Sciatis
309 620 389 661 quod
406 620 474 650 Nos
483 643 492 657 ,

135 662 184 693 De
203 661 304 692 Gratia
322 659 417 690 nostra
434 657 562 696 speciali,
583 666 616 687 ac
636 666 670 686 cx
688 664 764 687 certa
783 656 908 688 Scientia
932 659 966 689 ὃς
986 667 1066 688 mero
1088 656 1159 687 Mo-

98 710 128 732 tu
152 699 272 738 nostris,
296 708 410 729 necnon
436 699 464 726 in
491 695 717 726 consideratione
735 695 806 725 boni
823 697 884 726 veri
901 697 935 728 ὅ(
961 696 1047 726 fidelis
1065 695 1160 725 Servi-

97 741 129 770 tii
147 739 245 779 quod,
269 738 399 769 Dilec‘tus
423 736 551 765 Serviens
576 734 688 771 noster,
710 733 825 764 Thomas
851 734 956 773 Da-wse
977 734 1077 765 Nobis
1094 742 1158 764 ante

96 779 160 810 haec
179 787 308 816 tempora
327 774 492 813 impendit,
524 774 558 804 &
584 773 702 803 durante
729 772 797 804 Vita
819 773 865 803 sua
883 773 1047 812 impendere
1065 774 1158 803 inten—

95 818 146 849 dit.

134 857 266 886 Fecimus
284 852 493 884 nominavimus
510 850 671 882 creavimus
689 851 831 881 ereximus
847 848 1047 881 constituimus
1065 852 1098 882 ὃς
1113 851 1159 881 in-

95 895 278 932 vestivimus,
296 903 328 923 ac
347 901 396 930 per
416 889 567 921 Praesentes
585 891 706 920 facimus
724 890 906 919 nominamus
924 899 1052 920 creamus
1070 890 1157 926 erigi-

95 932 372 964 mus&investimus
390 929 514 960 eundem
522 929 652 958 'immam
671 938 753 957 unum
761 926 993 967 Purfivana'orum
1010 926 1158 968 nostrorum

96 973 136 1002 ad
151 975 262 1010 Arma,
281 972 363 1009 eique
377 969 502 999 Nomen
518 967 586 997 illud
602 966 753 1003 vulgariter
773 974 968 1003 nuncupatum
989 966 1156 1006 Rougecroffi

95 1012 288 1048 imponimus,
305 1019 338 1040 ac
353 1007 456 1038 Stilum
471 1006 605 1037 Titulurn
622 1005 776 1035 Libertates
799 1005 832 1035 ἃ
857 1004 1086 1036 praeeminentias
1106 1006 1159 1036 hu-

90 1049 216 1089 jusmodi
232 1049 344 1080 Officio
360 1045 558 1077 convenientia
574 1043 818 1086 &concordantia
833 1045 870 1074 ab
883 1044 1000 1083 antiquo
1014 1043 1160 1083 consueta,

93 1089 196 1120 damus
210 1089 243 1120 &
260 1085 446 1118 concedimus
461 1093 509 1122 per
525 1083 679 1113 Pioelentes
688 1106 697 1121 ,

131 1127 304 1158 Habendum
317 1127 350 1157 ὃ(
368 1122 558 1154 exercendum
575 1120 722 1152 Officium
745 1121 830 1159 illud,
848 1131 882 1152 ac
906 1120 1031 1152 Nomen
1051 1122 1154 1152 Stilum

94 1166 228 1196 Titulum
245 1165 399 1195 Libertates
413 1163 445 1192 &
461 1160 885 1205 PraehemipentiasApraediSta,
910 1160 1027 1198 praefato
1048 1161 1155 1191 Thomae

95 1205 201 1244 Dawfi
216 1205 280 1234 alias
293 1199 458 1240 Rougecroſje
471 1202 588 1231 durante
606 1199 669 1229 Vita
684 1198 742 1235 sua,

132 1243 171 1274 Et
190 1243 301 1273 ulterius
319 1239 529 1277 conceffimus,
549 1247 581 1268 ac
603 1248 652 1276 per
671 1236 839 1275 Praesentes,
858 1247 910 1275 pro
937 1237 1038 1269 Nobis
1056 1238 1156 1268 Haere-

90 1282 172 1313 dibus
190 1282 221 1312 δε
240 1279 453 1311 Succell'oribus
471 1278 586 1315 nostris,
606 1276 796 1307 concedimus
814 1276 906 1306 eidem
926 1276 1034 1306 Thomae
1048 1276 1156 1316 Damtfi

91 1321 157 1351 alias
174 1317 358 1358 Rougecroffi’,
389 1317 499 1355 singulis
517 1316 608 1346 Annis
625 1314 741 1345 durante
759 1314 827 1345 Vita
845 1315 893 1345 sua
911 1315 1045 1352 praedicta
1060 1339 1070 1354 ,
1102 1326 1156 1354 pro

91 1359 235 1390 Exercitio
260 1357 365 1388 Officii
390 1355 544 1393 praediffl,
576 1353 718 1392 quandam
752 1353 939 1385 Annuitatem
965 1354 1021 1385 sive
1047 1365 1155 1385 annua-

89 1398 149 1428 lem
175 1396 334 1428 Redditum
358 1398 457 1425 Decem
482 1394 633 1424 Librarum
660 1394 746 1423 bonae
763 1393 796 1423 &
815 1392 912 1430 legalis
937 1391 1070 1424 Monetae
1093 1393 1155 1425 An-

115 1436 158 1467 liae
917 1455 921 1458 .

91 1445 113 1475 g
129 1459 301 1506 Hibendam
316 1473 349 1504 &
364 1473 509 1503 annuatim
526 1469 739 1509 percipiendam
751 1469 845 1501 eidem
867 1469 974 1500 Thomae
993 1469 1119 1510 Dawfi,
1137 1482 1153 1503 a

90 1513 175 1545 Festo
188 1514 285 1544 Sancti
303 1511 454 1542 Michaelis
470 1510 640 1549 Archangeli
655 1509 758 1539 ultimo
774 1510 915 1548 praeterito
926 1532 936 1548 ,
961 1510 1079 1540 durante
1100 1509 1155 1540 Vi-

88 1553 117 1585 ti
139 1552 202 1592 sua,
221 1552 258 1583 de
279 1550 428 1581 Thesauro
448 1549 546 1580 nostro
569 1549 603 1579 ad
625 1547 786 1585 Receptam
810 1547 950 1579 Scaccatii
973 1548 1080 1587 nostri,
1107 1559 1157 1589 per

91 1592 198 1623 Manus
210 1589 390 1622 Thesaurarii
403 1590 436 1620 ὅ(
452 1588 683 1619 Camerariorum
697 1585 805 1616 ibidem
823 1595 875 1622 pro
890 1596 1019 1627 tempore
1034 1587 1156 1618 existen-

91 1633 184 1669 tium,
202 1630 235 1660 ad
251 1628 331 1660 Festa
346 1628 565 1658 Anunciationis
578 1625 672 1656 Beatae
696 1624 798 1655 Mariae
818 1625 836 1644 *¹
859 1625 983 1664 Virginis
1005 1626 1038 1657 ὃς
1058 1625 1154 1657 Samsti

96 1668 249 1701 Michaelis
271 1665 450 1704 Archangeli
471 1676 519 1703 per
542 1665 664 1703 aequales
685 1663 852 1701 Portiones,
870 1665 925 1694 unit
938 1673 1008 1695 cum
1022 1666 1157 1696 omnibus

92 1709 151 1741 aliis
168 1706 437 1738 Commoditatibus
455 1704 641 1740 Advantagiis
657 1702 902 1733 Praeheminentiis
915 1703 948 1733 ὅτ.
965 1702 1157 1734 Emolumen—

93 1750 128 1780 tis
140 1746 234 1778 eidem
249 1744 363 1776 Officio
377 1743 479 1774 debitis
493 1743 526 1773 &
542 1741 698 1779 consuetis,
717 1742 746 1771 in
755 1749 813 1771 tarn
826 1740 927 1778 amplis
942 1741 1034 1771 modo
1048 1743 1082 1773 ὃς
1096 1741 1157 1773 for-

94 1797 142 1818 ma
159 1793 243 1824 prout
260 1785 301 1813 W
301 1782 425 1813 illielmus
441 1781 573 1812 Dethicke
588 1791 678 1818 nuper
773 1780 811 1816 it,
829 1788 875 1809 aut
889 1780 986 1817 aliquis
1008 1779 1077 1810 alius
1099 1781 1157 1811 sive

91 1826 177 1863 aliqui
191 1824 237 1854 alii
252 1821 490 1854 Pursivandorum
504 1819 666 1850 nostrorum
761 1818 779 1847 't
793 1818 826 1848 &
842 1818 984 1856 percepit,
1001 1818 1159 1851 habuerunt

93 1866 127 1897 ὅ(
143 1870 327 1903 perceperunt
343 1870 394 1898 pro
411 1859 554 1890 Exercitio
570 1857 674 1888 Officii
687 1855 840 1895 praedicti,

127 1902 175 1932 Eo
191 1901 271 1939 quod
285 1897 409 1937 expressa
424 1898 552 1936 mentio,
567 1897 628 1928 &c.

129 1939 165 1971 In
183 1939 263 1978 cujus
281 1939 337 1976 rei,
357 1937 419 1968 &c-

130 2016 221 2051 Teste
238 2013 356 2054 Regina
378 2013 452 2053 apud
467 2011 655 2053 Gorhambury
674 2011 749 2043 xxiv.
765 2010 813 2043 die
829 2010 939 2043 Martii.

653 2091 706 2120 Per
724 2092 817 2120 Breve
834 2090 866 2119 de
885 2090 1008 2120 Privato
1022 2088 1121 2128 Sigillo.

436 2224 486 2256 De
510 2224 650 2257 Licentia
679 2224 707 2254 E
711 2220 830 2268 ligendi.

95 2310 269 2382 REoina,
287 2309 396 2341 dilectis
410 2309 460 2339 sibi
475 2310 504 2339 in
523 2307 663 2345 Christo,
689 2310 800 2337 Decano
818 2304 856 2343 ῤ’
880 2308 1002 2348 capitulo
1022 2307 1156 2340 Ecclefiae

180 2336 365 2381 &athedralis
381 2347 585 2385 Cicestrensis‚
602 2347 739 2378 Salutem.

128 2389 171 2419 Ex
189 2398 265 2427 parte
283 2387 372 2419 vestra
386 2387 469 2417 nobis
484 2385 525 2417 est
540 2386 684 2416 humiliter
697 2385 887 2423 supplicatum
900 2394 948 2424 ut,
964 2387 1035 2417 cum
1048 2386 1154 2417 Eccle-

91 2429 125 2458 sia
151 2428 307 2465 praedi&a,
333 2435 383 2466 per
407 2424 538 2455 Mortem
560 2424 715 2454 naturalem
740 2424 830 2454 ultimi
848 2423 985 2462 Episcopi
1008 2425 1154 2463 ejusdem,

84 2468 146 2505 jam
163 2474 243 2497 vacet
256 2467 288 2497 &
308 2464 431 2494 Pastoris
446 2463 477 2493 sit
492 2463 589 2494 solatio
603 2462 752 2499 destituta,
772 2462 858 2493 alium
873 2464 956 2493 vobis
976 2463 1101 2501 eligendi
1125 2465 1153 2494 in

87 2506 261 2543 Episcopum
285 2506 318 2536 δε
341 2502 487 2534 Pastorem
510 2501 673 2533 Licentiam
693 2501 822 2532 nostram
851 2501 1041 2532 fundatoriam
1072 2503 1155 2533 vobis

88 2545 250 2575 concedere
266 2543 454 2579 dignaremur
464 2564 474 2580 ,

124 2582 206 2620 Nos,
225 2581 361 2611 Precibus
373 2580 426 2611 illis
441 2581 472 2610 in
486 2579 541 2610 hac
558 2587 636 2617 parte
650 2578 844 2610 favorabiliter
860 2579 1043 2618 inclinantes,
1070 2579 1151 2610 illam

87 2622 173 2654 vobis
190 2621 322 2651 duximus
336 2619 553 2650 concedendam
562 2640 572 2655 ,

127 2660 276 2699 Rogantes
292 2658 371 2695 quod
390 2657 475 2688 talem
493 2657 576 2688 vobis
601 2656 707 2695 eligatis
733 2656 763 2686 in
790 2655 967 2696 Episcopum
993 2657 1026 2688 &
1053 2657 1153 2688 Pasto-

86 2709 164 2736 rem,
190 2698 238 2736 qui
265 2696 334 2726 Deo
359 2696 508 2734 Devotus,
532 2695 687 2733 Nobisque
705 2694 738 2725 &
756 2694 866 2733 Regno
882 2695 982 2726 nostro
1008 2694 1100 2727 Utilis
1117 2698 1152 2729 &

86 2738 187 2768 Fidelis
202 2735 307 2766 existat.

124 2776 158 2806 In
178 2777 257 2814 cujus
274 2774 331 2812 rei,
349 2773 410 2805 &c.

124 2851 215 2883 Teste
228 2851 348 2890 Regina
360 2849 436 2888 apud
451 2848 623 2888 Gorambury
641 2847 785 2880 tricesimo
801 2847 848 2879 die
863 2847 973 2879 Martii.

647 2927 700 2955 Per
717 2928 810 2955 Breve
827 2926 860 2955 de
878 2927 999 2956 Privato
1016 2927 1116 2966 Stgillo.

437 3064 485 3096 De
509 3064 647 3096 Licentia
668 3059 818 3108 Eltgendi.

155 3151 247 3187 Egina
259 3172 268 3189 ,
287 3150 349 3181 &c.
366 3148 476 3179 dileffis
490 3148 542 3178 sibi
558 3149 587 3178 in
606 3146 743 3184 Christo,
760 3149 869 3176 Decano
892 3146 931 3183 ὠ·
955 3147 1077 3186 Capitulo
1095 3147 1154 3181 Ee-

176 3188 267 3221 clesiae
282 3188 459 3219 Cathedralis
476 3188 510 3218 &
526 3186 760 3223 Metropoliticae
774 3185 922 3223 Eborum,
941 3186 1079 3217 Salutem.

132 3229 176 3261 Ex
195 3237 270 3267 parte
285 3226 374 3258 vestra
389 3226 471 3256 nobis
487 3224 526 3255 est
536 3225 680 3255 humiliter
695 3223 884 3262 supplicatum
899 3233 945 3262 ut,
964 3226 1035 3255 curn
1050 3225 1156 3257 Eccle-

93 3268 130 3299 sia
143 3267 277 3306 praedi&a
286 3289 295 3304 ,
315 3275 364 3303 per
373 3265 505 3296 Mortem
518 3263 673 3294 naturalem
682 3263 776 3293 ultimi
792 3262 1009 3306 Archiepiscopi
1021 3264 1155 3303 ejufflem,

93 3308 150 3344 jam
168 3314 247 3336 vacet
261 3307 294 3336 ὃ(
308 3305 431 3335 Pastoris
446 3303 479 3333 sit
495 3302 593 3333 solatio
607 3301 754 3338 destituta,
769 3301 854 3331 alium
876 3303 960 3332 vobis
982 3302 1015 3332 el'
1037 3303 1104 3333 endi
1124 3305 1154 3334 in

95 3344 354 3381 Archiepiscopum
377 3343 410 3372 ὅ(
434 3340 581 3373 Pastorem
597 3362 607 3378 ‚
640 3339 801 3370 Licentiam
820 3339 947 3370 nostram
965 3341 1016 3371 fun
1037 3342 1155 3372 atoriam

95 3383 179 3414 vobis
192 3382 352 3412 concedere
366 3381 549 3417 dignaremur
558 3402 568 3417 ,

132 3420 220 3458 Nos,
238 3419 373 3451 Precibus
388 3420 437 3449 illis
451 3421 482 3448 in
498 3419 551 3448 hac
567 3425 642 3455 parte
662 3416 855 3448 favorabiliter
876 3418 1062 3457 inclinantes,
1077 3419 1156 3450 illam

98 3460 184 3491 vobis
199 3459 329 3489 duximus
344 3457 580 3493 concedendam,

134 3496 296 3536 Rogantes,
315 3497 395 3535 quod
409 3496 492 3526 talem
509 3497 589 3525 vobis
604 3494 709 3533 eligatis
723 3494 751 3523 in
775 3493 1031 3532 Archiepiscopum
1047 3495 1080 3526 &
1103 3495 1157 3526 Pa-

96 3536 221 3573 storem,
239 3538 286 3573 qui
303 3536 371 3566 Deo
390 3534 538 3572 Devorus,
556 3533 711 3572 Nobisque
725 3532 760 3563 &
774 3531 881 3572 Regno
894 3533 994 3563 nostro
1018 3532 1108 3564 Utilis
1121 3536 1155 3566 &

98 3574 204 3604 Fidelis
217 3574 323 3605 existat.

131 3612 166 3642 In
184 3614 261 3650 cujus
280 3615 338 3651 rei,
355 3613 418 3643 &c.

99 3726 119 3756 h
134 3687 223 3719 Teste
239 3687 352 3728 Regina
366 3687 439 3726 apud
454 3687 577 3728 castrum
585 3686 666 3727 ficum
686 3685 718 3715 de
732 3683 892 3725 Windefhre
908 3687 1003 3724 primo
1014 3686 1060 3718 die
1073 3688 1158 3727 Apti-

121 3736 140 3756 s.

629 3803 684 3832 Per
702 3804 796 3831 Breve
814 3801 846 3832 de
864 3803 986 3834 Privato
1002 3801 1101 3841 Sigillo.

1196 76 1230 116 E
1260 74 1308 125 S,
1368 73 1403 113 L
1434 73 1452 113 1
1479 73 1519 115 T
1549 74 1583 114 E
1613 74 1656 115 R
1682 73 1737 114 AE
1753 102 1767 124 ,

2283 175 2416 212 Ann.D.

1534 250 1640 282 Literae
1663 248 1699 282 de
1722 249 1926 296 Sigmficavit.
2284 226 2416 324 ιξὲἒῗὶζν..

2339 306 2377 332 eg.

1197 332 1365 388 REgina‚
1388 333 1639 366 Reverendiffimo
1666 335 1696 365 in
1722 334 1840 366 Christo
1865 335 1957 374 Patri,
1981 344 2015 366 ac
2042 337 2210 375 praedilecto
2226 339 2265 370 ὃ(
2320 335 2386 364 lhil-

1226 410 1240 414 ..
1271 372 1349 416 fideli
1367 373 1484 412 nostro,
1503 375 1640 405 Domino
1657 374 1773 404 Matheo
1788 374 1994 415 Archiepiscopo
2011 377 2263 417 Cantuarienfi,ac

1195 409 1254 440 alus
1274 411 1501 451 quibuscumque
1516 412 1671 451 Episcopis,
1679 423 1807 451 quorum
1822 415 1852 444 in
1868 413 1922 445 hac
1937 421 2015 452 parte
2034 415 2264 455 intererit,Salu-

1198 457 1267 478 tem.

1235 487 1319 518 cum
1339 498 1458 533 vacante
1477 499 1568 527 nuper
1583 489 1657 532 Sede
1678 490 1839 530 Episcopali
1853 490 2043 530 Cicestrenfi,
2060 501 2110 531 per
2127 493 2263 524 Mortem

1198 527 1351 568 naturalem
1368 528 1461 558 ultimi
1474 528 1594 567 Episcopi
1606 528 1747 568 ejusdem,
1764 532 1799 561 ad
1809 531 1949 562 humilem
1961 531 2139 562 Petitionem
2158 535 2263 563 Decani

1196 575 1234 599 er
1250 566 1372 603 Capituli
1386 566 1523 598 Ecclefiae
1535 566 1640 598 nostrae
1655 567 1829 600 Cathedralis
1843 569 2000 601 Cicestren.
2016 578 2067 606 per
2084 570 2191 601 Literas
2206 582 2261 602 no-

1197 603 1262 647 stras
1276 605 1423 644 Patentes,
1442 606 1602 637 Licentiam
1620 606 1841 638 concesserimus
1854 610 1940 639 alium
1957 609 2009 640 fibi
2026 607 2150 648 eligendi
2170 611 2200 640 in
2221 609 2264 640 E-

1196 647 1348 681 pllcopum
1371 645 1404 676 &
1429 644 1578 677 Pastorem
1600 644 1679 675 Sedis
1695 646 1860 684 praedictae,
1879 647 2111 678 iidemDecanus
2132 649 2167 679 ὃς
2183 651 2265 686 capi-

1195 681 1302 719 tulum,
1327 683 1431 719 vigore
1452 684 1485 714 &
1506 684 1626 714 obtentu
1648 683 1790 715 Licentiae
1810 685 1919 716 nostrae
1933 686 2097 725 praedictae,
2124 686 2265 717 dilectum

1196 721 1281 764 nobis
1294 722 1324 751 in
1339 721 1475 761 Christo,
1492 721 1670 760 Magistrum
1691 723 1857 754 Richardum
1881 727 1991 765 Curteys
2013 726 2109 757 Sacrae
2130 725 2266 756 Theolo-

1197 768 1254 795 giae
1281 758 1494 799 Professorem,
1519 762 1570 792 fibi
1595 762 1629 793 ὃς
1655 760 1791 794 Ecclesiae
1810 762 1957 801 praedictae
1982 764 2130 803 elegerunt
2146 765 2176 794 in
2194 763 2266 801 Epi*

1195 797 1315 842 scopum
1334 799 1368 830 &
1386 798 1554 839 Pastorem,
1577 808 1661 838 prout
1684 811 1734 838 per
1757 801 1866 832 Literas
1882 802 1939 833 suas
1957 802 2054 842 sigillo
2071 813 2171 834 eorum
2198 802 2263 834 Co-

1196 846 1278 867 mum
1295 838 1438 876 sigillatas,
1456 839 1543 869 nobis
1561 838 1628 869 inde
1645 838 1782 879 directas,
1801 841 1910 879 plenius
1923 841 2014 879 liquet
2031 845 2067 875 δε
2083 851 2218 880 apparet,

1233 875 1302 905 Nos
1316 876 1499 918 Ele-&ionem
1516 878 1592 908 illam
1605 887 1799 916 acceptantes,
1816 880 1910 910 eidem
1922 879 2066 912 Eleffloni
2081 883 2191 920 regium
2207 891 2263 911 no-

1198 913 1287 944 strum
1304 915 1454 946 Assenlum
1472 916 1654 949 adhibuimus
1667 919 1766 954 pariter
1780 918 1814 948 ὃς
1834 918 1994 956 Favorem3
2012 920 2032 939 ³*
2053 923 2087 952 ὃς
2101 921 2160 951 hoc
2176 921 2262 952 vobis
2282 932 2302 952 :ir
2326 935 2381 962 XV

1197 950 1319 983 Tcnore
1334 953 1519 985 Praesentium
1534 954 1739 991 fignificamus;
2308 974 2359 1000 631
2386 953 2393 961 “

1236 991 1400 1036 Rogantes,
1424 993 1458 1023 ὃς
1479 994 1510 1024 in
1532 993 1604 1024 Fide
1627 994 1661 1025 ὃ(
1683 993 1851 1025 Dilectione
1872 996 1976 1035 quibus
1991 996 2093 1029 Nobis
2107 999 2264 1038 tenemini,
2367 994 2373 1001 ’

1197 1030 1314 1061 firmiter
1334 1032 1530 1070 praecipiendo
1553 1031 1748 1071 MandanteS,
1773 1042 1910 1071 quatenus
1929 1045 1983 1066 vos
2004 1037 2129 1067 eundem
2150 1036 2266 1066 Richar-

1197 1069 1260 1098 dum
1275 1073 1399 1110 Curteys,
1419 1072 1448 1101 in
1465 1070 1643 1109 Episcopum
1658 1073 1692 1103 &
1707 1070 1856 1103 Pastorem
1870 1073 2007 1105 Ecclefiae
2022 1075 2200 1106 cathedralis
2212 1075 2266 1105 Ci-

1197 1107 1317 1139 cestren.
1331 1110 1478 1147 praedietae
1491 1110 1528 1140 sic
1543 1118 1574 1141 ut
1596 1110 1742 1148 praefertur
1756 1110 1882 1142 eleetum
1893 1134 1903 1150 ‚
1928 1112 2171 1153 Eleffionemque
2192 1124 2266 1152 prae-

1195 1146 1305 1177 distairi
1329 1148 1515 1187 confirmare,
1541 1150 1575 1180 ὃ(
1591 1149 1713 1180 eundem
1731 1148 1897 1180 Richardum
1911 1155 2015 1181 Curteis
2037 1153 2212 1194 Episcopum
2231 1153 2266 1183 ὅτ

1195 1184 1343 1217 Pastorem
1357 1187 1492 1218 Ecclefiae
1507 1187 1652 1225 praedietae
1666 1188 1846 1227 consecrare,
1864 1199 2024 1229 caeteraque
2038 1194 2138 1225 omnia
2159 1192 2193 1222 &
2209 1192 2264 1222 fin-

1197 1225 1261 1263 gula
1277 1235 1425 1265 peragere,
1444 1236 1509 1264 quae
1525 1225 1620 1257 vestro
1634 1227 1665 1257 in
1681 1227 1735 1257 hac
1750 1236 1827 1264 parte
1840 1226 2016 1260 incumbunt
2029 1231 2153 1268 ‚Officio
2170 1233 2265 1271 pasto-

1197 1263 1262 1301 rali,
1278 1265 1357 1302 juxta
1372 1264 1500 1295 formam
1515 1264 1694 1297 Statutorum
1710 1267 1740 1296 in
1759 1275 1792 1297 ea
1811 1275 1891 1304 parte
1913 1267 2056 1300 editorum
2078 1272 2112 1303 &
2133 1272 2265 1310 proviso—

1195 1312 1278 1339 rum,
1297 1303 1387 1333 velitis
1403 1313 1473 1334 cum
1490 1301 1605 1336 effectu.

1232 1340 1268 1371 ln
1286 1342 1367 1379 cujus
1385 1344 1443 1380 rei,
1462 1343 1524 1375 &c.

1233 1418 1322 1450 Teste
1337 1419 1456 1458 Regina
1471 1419 1546 1461 apud
1563 1418 1825 1460 Wstmonasterium
1839 1423 1906 1454 xxii.
1924 1423 1971 1455 die
1983 1422 2098 1463 Aprilis.

1755 1486 1810 1529 Per
1826 1502 1920 1531 Breve
1939 1502 1970 1532 de
1988 1504 2109 1534 Privato
2126 1504 2227 1542 Sigillo.

1582 1634 1697 1679 Regius
1721 1633 1873 1678 Affiufhs.

1261 1715 1372 1755 Egina,
1390 1717 1452 1761 &c
1491 1714 1744 1760 Reverendiffimo
1768 1718 1798 1747 in
1821 1717 1942 1751 Christo
1962 1721 2058 1761 Patri,
2075 1733 2111 1755 ac
2125 1724 2261 1757 Praedile-
2275 1725 2353 1758 Ann.
2368 1727 2410 1759 D.

1279 1756 1330 1786 eto
1343 1757 1377 1787 ὃ(
1391 1755 1483 1786 Fideli
1498 1754 1613 1794 nostro,
1632 1754 1769 1786 Domino
1781 1756 1900 1788 Matheo
1917 1759 2050 1798 Archiepi
2063 1772 2090 1797 co
2135 1768 2256 1795 Cantica,
2298 1774 2386 1805 1570.

1198 1792 1349 1864 giaessltfessic
1363 1795 1481 1824 Roberto
1502 1794 1702 1834 Wintom'ensi,
1721 1795 1756 1826 &
1776 1795 1921 1828 Edmundo
1940 1795 2037 1837 Roffen
2048 1809 2075 1837 1,
2085 1770 2262 1843 &psscopis'
2279 1809 2336 1833 pas,
2350 1816 2394 1833 12,

1239 1870 1321 1902 Cum
1339 1881 1457 1917 vacante
1469 1880 1561 1915 nuper
1575 1871 1649 1904 Sede
1669 1871 1912 1913 Archiepiscopali
1935 1874 2069 1908 Ecclesxae
2089 1876 2265 1911 Cathedralis
2278 1844 2351 1918 ξὺῖο.
2367 1851 2411 1909 ιζ.

1199 1911 1233 1955 ὃς
1248 1909 1478 1955 Metropoliticae
1492 1909 1623 1942 Eborum
1633 1934 1643 1949 ,
1661 1921 1711 1951 per
1725 1910 1857 1943 Mortem
1870 1916 2025 1947 naturalem
2038 1916 2132 1948 ultimi
2141 1918 2264 1950 Archie-

1198 1950 1307 1988 piscopi
1321 1950 1461 1989 ejusdem,
1479 1949 1514 1980 ad
1529 1949 1672 1981 humilem
1687 1950 1865 1983 Petitionem
1877 1956 1984 1984 Decam·
2002 1953 2042 1990 ὠ
2053 1956 2172 1994 Capituli
2187 1966 2262 1995 prae-

1199 1988 1286 2019 dietae
1310 1988 1446 2020 Ecclefiae
1468 1987 1574 2033 nostra}
1595 1988 1825 2027 Metropoliticae
1845 1988 1993 2032 Eborum,
2020 2003 2070 2034 per
2085 1995 2194 2027 Literas
2208 2007 2265 2028 no-

1200 2026 1267 2057 stras
1289 2026 1436 2067 Patentes,
1460 2026 1622 2059 Licentiam
1645 2028 1770 2058 nostram
1792 2031 2014 2064 concefferimus
2033 2033 2120 2065 alium
2141 2034 2192 2065 fibi
2212 2037 2264 2067 eli-

1199 2066 1284 2104 gendi
1300 2068 1330 2097 in
1350 2065 1609 2106 Archiepiscopum
1622 2067 1656 2098 &
1669 2066 1818 2098 Pastorem
1837 2070 1981 2107 praediCtae
2003 2071 2098 2112 Sedis,
2116 2073 2262 2113 iidemque

1199 2108 1325 2135 Decanus
1337 2105 1375 2141 &
1392 2105 1564 2149 Capitulqm‚
1582 2106 1684 2148 vigore
1698 2106 1732 2137 ὃς
1745 2107 1867 2139 obtentu
1883 2108 2023 2141 Licentiae
2038 2113 2142 2142 nostrae
2158 2113 2260 2150 praedi-

1200 2144 1273 2182 ἂεε,
1290 2144 1494 2176 Reverendum
1508 2155 1538 2174 in
1554 2144 1673 2175 Christo
1697 2145 1830 2185 Patrem,
1847 2157 1881 2179 ac
1902 2147 2051 2180 Dilectum
2076 2152 2110 2181 &
2132 2151 2262 2184 Fidelem

1198 2183 1328 2214 nostrum
1339 2207 1349 2223 ,
1367 2184 1541 2224 Edmundum
1556 2184 1682 2214 London.
1698 2183 1872 2224 Episcopum,
1888 2187 1939 2218 fibi
1952 2188 1986 2219 &
2007 2187 2143 2221 Ecclefiae
2178 2191 2263 2222 raedi-

1198 2221 1254 2253 &ae
1269 2221 1417 2261 elegerunt
1431 2225 1461 2254 in
1472 2222 1729 2261 Archiepiscopum
1745 2223 1778 2254 &
1793 2223 1959 2265 Pastorem,
1975 2236 2061 2265 prout
2082 2238 2131 2266 per
2183 2231 2262 2262 'teras

1198 2261 1257 2291 suas
1280 2261 1383 2299 Sigillo
1404 2270 1506 2292 eorum
1527 2263 1680 2293 communi
1701 2261 1829 2300 sigillatas
1841 2263 1942 2295 Nobis
1961 2266 2030 2297 inde
2043 2266 2185 2307 directas,
2200 2269 2263 2308 ple-

1197 2301 1262 2330 nius
1274 2301 1361 2339 liquet
1377 2301 1410 2332 &
1428 2310 1559 2340 apparet,

1234 2339 1317 2377 Nos,
1334 2336 1517 2371 Elefflonem
1531 2340 1608 2370 illam
1623 2347 1818 2380 acceptantes,
1845 2342 1942 2373 eidem
1962 2343 2110 2376 Eleffloni
2134 2345 2262 2387 Regium

1195 2377 1325 2409 nostrum
1339 2377 1491 2410 Affensum
1509 2379 1690 2410 adhibuimus
1701 2381 1804 2417 pariter
1818 2381 1852 2412 ὃς
1869 2381 2028 2422 Favorem,
2046 2385 2080 2416 &
2105 2384 2162 2416 hoc
2178 2388 2262 2418 vobis

1194 2416 1312 2448 Tenore
1325 2416 1509 2448 Praesentium
1525 2416 1736 2455 fignificarnus3

1231 2455 1400 2494 Rogantes,
1419 2465 1453 2487 ae
1474 2457 1504 2486 in
1526 2455 1596 2486 Fide
1618 2455 1652 2486 &
1675 2455 1842 2487 Dilectione
1860 2457 1962 2497 quibus
1977 2459 2081 2491 Nobis
2102 2463 2263 2503 tenemini,

1194 2492 1311 2525 firmiter
1332 2495 1532 2534 Praecipientes
1552 2495 1587 2525 &
1610 2492 1798 2532 Mandantes,
1816 2504 1952 2533 quatenus
1974 2508 2032 2529 vos
2053 2499 2177 2530 eundem
2199 2503 2262 2532 Ed—

1197 2534 1324 2563 mundmn
1338 2534 1369 2564 in
1385 2531 1645 2571 Archiepiscopum
1656 2532 1690 2562 δε
1705 2531 1857 2563 Pastorem
1878 2533 2014 2566 Ecclefiae
2031 2536 2262 2576 Metropoliticae

1194 2571 1343 2609 praedieffae
1356 2573 1395 2603 fic
1414 2581 1444 2603 ut
1470 2571 1619 2610 praefertur
1641 2570 1766 2601 eleoum
1785 2583 1795 2609 3
1830 2571 2069 2613 Eleffionemque
2092 2577 2262 2614 praediftatn

1199 2611 1388 2648 confirmare,
1406 2611 1440 2641 &
1458 2610 1582 2641 eundem
1600 2609 1776 2639 Edmundum
1785 2609 2042 2652 Archiepiscopum
2061 2615 2094 2644 &
2113 2615 2263 2649 Pastorem

1195 2649 1333 2681 Ecclefiae
1352 2649 1579 2687 Metropoliticae
1596 2646 1730 2678 Eborum
1754 2648 1901 2685 praediecae
1914 2672 1924 2688 ,
1956 2660 2007 2688 per
2031 2651 2262 2687 Transsationem

1195 2687 1384 2725 confirmare,
1403 2697 1561 2726 caeteraque
1579 2687 1675 2731 omnia
1695 2687 1729 2717 &
1747 2687 1851 2731 singula
1870 2697 2016 2728 peragere,
2035 2701 2102 2729 quae
2120 2692 2215 2724 vestro
2230 2696 2262 2726 in

1193 2727 1247 2758 hac
1267 2735 1344 2764 parte
1360 2726 1531 2758 incumbunt
1549 2725 1661 2756 Officio
1679 2723 1834 2765 Pastorah,
1847 2727 1926 2765 juxta
1943 2729 2067 2759 formam
2083 2730 2261 2763 Statutorum

1193 2767 1223 2796 in
1250 2774 1282 2796 ea
1306 2773 1387 2804 parte
1412 2764 1555 2796 editorum
1572 2765 1605 2796 ὃ(
1623 2763 1821 2804 provisorum,
1847 2766 1939 2798 velitis
1953 2776 2023 2798 cum
2041 2766 2148 2801 effedru
2167 2771 2201 2802 δε
2217 2771 2261 2802 fa-

1192 2814 1270 2836 vore.

1232 2843 1269 2874 In
1287 2844 1364 2882 cujus
1379 2842 1436 2881 rei,
1455 2843 1517 2874 &c-

1230 2920 1323 2953 Teste
1337 2919 1455 2959 Regina
1468 2919 1542 2960 apud
1555 2918 1743 2960 Gorhambury
1756 2920 1815 2950 xvi.
1838 2919 1885 2951 die
1898 2919 1982 2952 Maii.

1763 2999 1819 3026 Per
1833 2999 1928 3027 Breve
1942 2997 1974 3028 de
1990 2999 2110 3029 Privato
2122 2999 2223 3038 Sigillo.

1528 3123 1578 3156 Do
1602 3123 1740 3155 Licentia
1763 3122 1916 3170 Eligendi.

1192 3209 1372 3282 REgina,
1389 3208 1499 3240 dilectis
1516 3208 1600 3238 nobis
1614 3208 1644 3238 in
1657 3206 1794 3248 Christo,
1812 3211 1919 3241 Decano
1930 3209 1968 3246 &⁴
1982 3211 2107 3250 capitulo
2119 3210 2258 3245 Ecclefiae
2273 3208 2350 3240 Ann-
2364 3207 2405 3238 D·

1277 3246 1456 3279 Cathedralis
1472 3246 1679 3284 Londinenfis,
1701 3246 1836 3278 Salutem.
2293 3256 2378 3286 1570.

1231 3287 1275 3318 Ex
1291 3296 1369 3326 parte
1384 3285 1474 3317 vestra
1490 3286 1590 3316 Nobis
1604 3284 1646 3315 est
1660 3285 1804 3317 humiliter
1827 3286 2018 3325 supplicatum
2041 3297 2091 3327 ut,
2109 3299 2179 3320 cum
2198 3289 2258 3323 Ec-
2272 3287 2336 3316 lbid.
2364 3295 2402 3314 m.

1193 3327 1274 3359 clefia
1295 3326 1447 3364 praedicta,
1466 3334 1515 3362 per
1538 3324 1767 3355 Transsationem
1785 3324 1879 3356 ultimi
1901 3325 2036 3367 Episcopi
2056 3327 2198 3368 ejusdem,
2219 3329 2256 3359 ad
2313 3323 2357 3353 28·

1194 3364 1479 3403 Archiepiscopatum
1495 3363 1645 3400 Eborum,
1659 3363 1720 3401 jam
1739 3371 1819 3394 vacet
1836 3364 1869 3395 &
1887 3363 2011 3396 Pastoris
2029 3365 2061 3396 fit
2085 3366 2184 3398 solatio
2206 3367 2257 3397 de-

1195 3404 1306 3443 stituta,
1332 3403 1415 3433 alium
1437 3403 1522 3433 vobis
1536 3401 1659 3441 eligendi
1680 3403 1711 3431 in
1727 3400 1831 3440 Episco
1852 3411 1899 3434 um
1921 3404 1955 3434 &
1969 3403 2135 3443 Pastorem,
2151 3405 2258 3436 Licen-

1193 3446 1265 3475 tiam
1281 3441 1409 3472 nostram
1425 3441 1614 3472 fundatoriam
1628 3441 1712 3470 vobis
1725 3449 1801 3471 conc
1838 3451 1884 3473 ere
1898 3441 2099 3482 dignaremur,

1234 3481 1321 3519 Nos,
1344 3480 1481 3511 Precibus
1494 3479 1546 3509 illis
1561 3480 1589 3509 in
1604 3479 1657 3508 hac
1679 3486 1757 3516 parte
1778 3479 1967 3512 favorabiliter
1987 3482 2168 3520 inclinantes,
2180 3480 2259 3515 illam

1196 3521 1277 3553 vobis
1293 3519 1430 3550 duximus
1443 3517 1675 3553 concedendam,

1232 3559 1381 3597 Rogantes
1405 3557 1485 3596 quod
1510 3557 1595 3588 talem
1619 3556 1703 3587 vobis
1725 3557 1831 3595 eligatis
1854 3558 1883 3587 in
1907 3557 2083 3597 Episcopum
2108 3557 2142 3588 &
2157 3555 2256 3588 Pasto-

1196 3608 1258 3668 ἓεῖῐ)
1269 3621 1278 3636 ,
1295 3597 1348 3666 quiit
1365 3596 1435 3627 Deo
1450 3597 1591 3634 devotus,
1615 3593 1769 3634 Nobisque
1784 3596 1818 3627 &
1831 3594 1942 3634 Regno
1954 3595 2053 3627 nostro
2074 3597 2147 3627 utilis
2165 3595 2200 3627 &
2221 3594 2255 3625 fi-
2284 3623 2287 3626 ,
2307 3630 2314 3634 ,

1217 3648 1263 3667 eis
1278 3646 1322 3667 exr
1350 3644 1385 3666 at.

1231 3675 1265 3706 In
1279 3676 1357 3714 cujus
1373 3674 1414 3704 rei
1428 3696 1438 3711 ,
1453 3673 1514 3704 &c.

1233 3751 1322 3784 Teste
1338 3750 1453 3790 Regina
1468 3749 1541 3790 apud
1558 3747 1817 3790 Wstmonallerium
1831 3749 1926 3788 primo
1939 3749 1987 3780 die
1996 3748 2084 3787 Junii.

1748 3828 1802 3858 Per
1819 3828 1913 3857 Breve
1929 3825 1962 3856 de
1979 3826 2100 3858 Privato
2118 3825 2222 3866 sigillo*
