2542 4274
144 337 218 370 Ann.
232 334 277 371 D,

163 376 249 415 1516.

145 421 208 444 Heu.
228 415 256 443 8.

140 457 196 481 An.
210 453 238 482 8.

145 495 181 520 H.
198 491 226 519 8.

144 527 262 560 Biblioth-

142 571 243 595 Conon.

143 605 224 634 Wtell.
246 602 271 630 b.

147 653 175 681 3.
184 641 234 681 fol.

147 690 208 716 ¹7¹·

143 765 164 786 0
184 765 269 794 XIII.

165 812 233 839 597·

151 2698 228 2735 Ann.
240 2699 285 2732 D.

174 2747 260 2778 1517.

150 2782 250 2846 “lain-8⁹·

154 2838 214 2886 γ’ἇι.
232 2837 266 2888 ’9.

156 2896 193 2924 Η.
213 2893 242 2921 8.
257 2899 283 2931 p.

157 2937 229 2961 ιη).
240 2941 284 2971 ¹4·

207 3810 275 3848 598.

838 238 951 282 ET
1035 237 1302 282 ACTA

399 415 458 446 Pro
476 413 603 445 Decima
620 411 770 455 levanda,
795 415 826 445 in
849 411 1080 445 Subventionem
1103 413 1240 457 Ecclifiae.

293 496 515 570 VEnerabilii·
538 500 636 526 Frater
650 497 771 527 Salutem
794 496 832 532 &¹
855 500 917 535 Apo
942 495 1036 526 alicam
1053 498 1276 527 Benedicsifionem.

398 534 557 573 Compellit
579 536 646 566 Nos
674 545 774 574 urgens
807 535 890 566 Nece
915 544 963 567 itas
985 537 1044 566 satis
1077 537 1161 567 validi
1183 533 1345 571 Exercitus,

291 581 378 611 quem
396 574 539 605 nonnullis
554 575 614 612 jam
631 575 739 605 effluxis
760 573 907 604 Mensibus
923 574 956 605 ad
975 575 1188 613 propulsandam
1211 574 1345 612 Injuriam

290 610 388 642 Nobis
405 613 499 643 immo
517 612 649 644 Eoclefiae
667 612 782 653 Sponsae
805 612 909 643 nostrae
935 623 983 650 per
1007 612 1160 653 Iniquitatis
1186 612 1288 643 Filium
1312 613 1345 643 &-

289 647 459 682 perditionis
486 651 645 683 Alumnum
658 673 668 688 ,
697 650 861 690 Francisc'um
883 654 1010 681 Mariam
1030 652 1062 681 de
1084 653 1225 689 Ruuerre,
1256 658 1344 691 quem

289 687 373 728 alias,
385 689 437 720 suis
453 690 625 729 exigentibus
643 689 815 728 Demetitis,
832 690 949 721 Ducatu
970 689 1079 720 Urbini
1096 689 1131 719 de
1151 689 1276 720 Fratrum
1290 697 1344 718 no-

289 725 411 759 strorum
433 728 562 760 Confilio
587 730 794 767 privaveramus
808 751 817 766 ‚
839 729 942 759 illatam
955 751 966 767 ,
991 730 1138 767 coegimus
1156 729 1189 759 &
1211 737 1273 758 non
1287 727 1345 757 fine

291 768 406 804 magnis
421 767 440 787 ⁴³
458 767 595 806 impensis
612 767 956 805 sustinuimus,quemque
974 767 1086 798 ulterius
1104 773 1347 803 manutenere,ac

290 804 384 842 ipsum
401 805 570 846 Framfium
593 808 718 836 Mariam
733 816 749 836 a
768 805 871 835 nostris
889 807 924 837 ὅτ.
949 804 1063 835 δαηᾶὶπ
1090 804 1230 835 Romanae
1245 803 1347 835 Eccle-

291 843 339 875 fiae
356 844 542 882 Civitatibus,
559 843 672 882 Terris,
690 845 724 876 ὃς
741 844 846 881 Locis,
861 853 924 881 quae
942 842 1019 874 Ausu
1038 844 1188 874 temerario
1205 852 1238 874 ac
1251 841 1347 873 nefan-

289 882 330 912 do
349 883 501 921 occupavit
517 883 552 914 &
568 881 675 913 detinet
693 881 817 912 indebite
833 890 984 920 occupata,
998 881 1154 920 expellere,
1177 881 1299 912 devotos
1314 890 1348 910 ue

288 920 427 952 Subditos
447 920 557 951 nostros
578 931 594 951 a
608 922 666 951 tarn
683 919 817 958 gravibus
829 919 989 958 Molestiis,
1004 921 1104 958 quibus
1121 919 1178 958 ipse
1193 890 1349 959 Francisqcus

291 961 393 990 Maria
404 969 454 990 eos
472 958 559 990 indies
577 958 691 989 afficere
709 969 769 989 non
789 958 1039 996 veretur,libcrare
1057 968 1116 988 non
1131 958 1286 997 valeamus,
1304 957 1349 988 sed

291 996 542 1036 Coepiscoporum
560 996 723 1029 nostrorum
744 997 854 1029 Auxilia
873 996 972 1028 Nobis
990 998 1020 1027 in
1038 997 1098 1027 hoc
1115 997 1167 1028 sirit
1191 997 1349 1038 plurimum

288 1035 456 1074 neceffiiria,
472 1037 683 1075 conveniatque
704 1036 841 1075 Rationi,
855 1035 955 1067 Pietati
974 1045 1008 1067 ac
1023 1035 1174 1067 Honestati
1194 1043 1225 1067 ut
1249 1033 1350 1066 Mern-

289 1073 340 1105 bra
359 1073 455 1113 Capiti
474 1074 613 1106 laboranti
627 1082 760 1113 prompta
774 1074 902 1106 Subsidia
915 1074 1124 1105 subministrent
1134 1097 1144 1114 ,

326 1111 364 1144 Et
384 1120 533 1152 propterea
556 1113 640 1145 Sedes
665 1112 833 1151 Apostolica
859 1113 894 1144 ad
920 1112 1135 1145 Cathedralium
1162 1110 1350 1143 Ecclesiarum

289 1148 446 1190 Regimina
468 1151 631 1190 Promotis,
644 1153 685 1183 ob
700 1152 838 1192 impensas
857 1161 908 1190 per
925 1161 974 1182 eos
988 1152 1019 1182 in
1037 1162 1138 1183 eorum
1154 1150 1353 1194 Promotioni-

289 1189 342 1221 bus
359 1189 464 1227 factm,
474 1198 504 1222 ut
519 1190 727 1222 Charitativum
747 1190 909 1222 Subsidium
924 1200 941 1221 a
960 1189 1086 1222 Personis
1100 1188 1351 1225 Eccleiiasticis,in

290 1238 394 1259 eorum
420 1227 594 1260 Civitatibus
620 1230 653 1260 &
681 1229 860 1261 Dioecefibus
885 1227 1023 1260 Beneficia
1042 1229 1237 1260 obtinentibus
1260 1235 1353 1265 petere

290 1267 327 1298 δε
342 1268 452 1306 exigere
467 1267 593 1305 valeant,
603 1267 763 1299 Licentiam
779 1269 813 1300 &
828 1268 997 1299 Facultatem
1014 1267 1172 1298 concedere
1190 1265 1354 1303 consuevit,

290 1314 400 1342 quanto
418 1307 510 1343 magis
528 1306 627 1337 Nobis
642 1306 710 1336 cum
726 1306 817 1346 gravis
837 1307 870 1338 ὃ(
886 1315 989 1344 urgens
1009 1306 1090 1337 instet
1109 1304 1285 1342 NeceffitaS,
1300 1312 1353 1341 pro

290 1343 519 1375 conservatione
532 1346 565 1376 &
586 1343 761 1376 Defensione
775 1344 888 1383 Jurium
909 1345 996 1375 dieiae
1022 1343 1155 1375 Ecclesiae
1176 1352 1209 1374 ac
1231 1342 1354 1373 Honore

290 1382 375 1422 hujus
390 1382 505 1414 Sandiae
526 1382 660 1421 Sedis,in
675 1394 728 1422 qua
743 1383 838 1414 divina
852 1382 1040 1414 Permiffione
1058 1383 1204 1419 sedemus,
1217 1389 1353 1421 opportu-

291 1431 330 1452 na
349 1431 366 1453 a
383 1420 522 1452 Fratribus
538 1420 641 1452 nostris
657 1421 991 1463 Episcopis,caeterisque
1010 1421 1134 1452 Praelatis
1151 1420 1276 1451 Subsidia
1287 1420 1353 1458 jure

289 1458 420 1498 quodam
442 1460 558 1498 poscere
576 1461 610 1492 &
627 1462 735 1500 exigere
753 1461 837 1492 debet
854 1460 910 1492 effe
928 1460 1094 1498 permiffum
1110 1483 1119 1498 ,
1146 1469 1234 1497 eaque
1248 1459 1283 1489 ab
1298 1458 1353 1488 Illis

289 1497 392 1533 Nobis
405 1499 526 1529 minime
538 1499 669 1538 denegari
682 1499 762 1537 posse
777 1509 831 1530 nec
844 1500 948 1530 debere
960 1508 1049 1530 nemo
1061 1501 1131 1529 sanae
1146 1497 1255 1528 Mentis
1270 1498 1353 1536 igno-

287 1544 439 1574 rat,prout
452 1538 486 1568 ὃς
508 1536 739 1575 Archiepiscopis
760 1538 794 1568 &
813 1537 960 1576 Episcopis
977 1537 1076 1576 Regni
1096 1537 1214 1574 Angliae
1233 1536 1357 1574 illiusque

289 1574 372 1610 Regi
388 1574 447 1604 aliis
469 1575 558 1604 etiam
582 1575 683 1606 nostris
701 1575 861 1606 scribimus.

327 1613 429 1650 Quare
446 1611 472 1641 F
473 1614 665 1644 raternitatem
682 1621 760 1644 tuam
778 1615 808 1643 iri
816 1613 954 1645 Domino
969 1613 1139 1645 hortandam
1148 1614 1200 1652 ,&
1215 1613 1244 1642 in
1253 1614 1358 1643 virtute

289 1650 406 1684 Sanctae
421 1649 604 1682 Obedientiae
619 1652 798 1683 monendam
815 1653 848 1684 δε
863 1652 1061 1692 requirendam
1078 1652 1226 1689 duximus,
1243 1660 1273 1681 ut
1287 1650 1358 1681 Cle-

289 1698 357 1723 rum
376 1696 459 1720 tuum
478 1711 489 1725 ‚
520 1689 581 1718 tarn
600 1688 778 1721 Seculariutn
802 1691 889 1725 quam
917 1691 964 1721 Re
985 1692 1102 1722 ularium
1123 1711 1134 1728 ,
1173 1689 1359 1720 Personarum

290 1726 500 1766 Exemptarum
523 1725 557 1756 &
579 1736 637 1756 non
659 1727 888 1769 bixemptarum,
919 1700 1068 1758 Orffiinum
1091 1736 1358 1766 quorumcumque,

291 1776 392 1799 coram
408 1774 436 1797 te
449 1774 630 1803 convocare,
650 1764 752 1803 Eisque
772 1763 919 1796 Praemissa
934 1766 963 1795 in
982 1765 1118 1796 Medium
1134 1765 1183 1795 tua
1199 1765 1277 1796 solita
1294 1776 1355 1804 pru-

289 1804 389 1838 dentia
401 1813 559 1842 proponere
575 1827 583 1841 ,
613 1803 786 1841 eosdemque
810 1803 933 1834 Clerum
951 1804 984 1835 &
1002 1803 1137 1835 Personas
1156 1803 1302 1842 praedictas
1323 1804 1356 1835 ad

289 1843 524 1876 subveniendum
540 1842 638 1875 Nobis
652 1843 686 1873 ὃς
701 1842 767 1873 Sedi
783 1841 1016 1880 Apostolicae,in
1032 1843 1090 1873 rain
1106 1841 1192 1874 ardua
1206 1844 1239 1874 δε
1253 1852 1358 1880 urgen-

289 1889 321 1916 te
338 1881 511 1914 Necessitate
527 1904 536 1919 ,
567 1881 603 1912 de
622 1891 676 1912 una
693 1881 787 1912 saltem
805 1886 912 1919 integra
933 1883 1065 1920 Decima,
1087 1882 1168 1912 omni
1182 1880 1358 1919 Exceptione

291 1921 350 1954 five
367 1920 555 1952 Excusatione
569 1920 707 1958 ceffanre,
730 1930 836 1957 cogere
863 1921 897 1951 &
916 1921 1090 1959 compellere
1105 1943 1115 1959 ,
1149 1919 1252 1959 Eisque
1275 1920 1305 1951 id
1327 1920 1358 1950 in

291 1961 396 1993 virtute
409 1959 513 1990 sanctae
523 1958 707 1990 Obedientiae
720 1959 852 1990 mandare
865 1959 983 1997 debeas,

330 1997 424 2036 Quod
443 1998 462 2027 fi
480 2007 539 2027 non
556 1997 737 2036 succederet,
750 1997 828 2037 quod
844 1998 914 2028 ciim
930 1997 1031 2028 Nobis
1044 1996 1205 2035 persuadere
1220 2007 1280 2028 non
1293 2006 1359 2038 pos—

294 2035 410 2074 sumus,
425 2035 454 2066 id
467 2036 561 2073 potius
576 2036 623 2066 tua
637 2035 733 2074 Culpa
747 2038 781 2067 ὃς
797 2036 981 2077 Negligentia
998 2037 1084 2076 quam
1102 2035 1214 2067 aliunde
1236 2035 1358 2067 eveniffe

294 2075 409 2107 credere
423 2084 610 2111 cogeremur,
625 2076 658 2106 δε
680 2075 714 2105 ad
731 2074 873 2105 Officium
882 2097 893 2113 ,
907 2075 986 2114 quod
999 2075 1033 2105 ad
1048 2075 1162 2105 bonum
1174 2075 1207 2106 &
1221 2074 1358 2105 devotum

296 2112 377 2147 Sedis
393 2112 570 2151 Apostolicae
584 2112 754 2153 Episcopum
775 2114 979 2152 pertinet,non
995 2113 1052 2144 sine
1069 2114 1171 2144 Animi
1191 2113 1280 2144 nostri
1292 2112 1358 2144 Dis-

294 2151 445 2192 plicentia‚
462 2151 673 2183 Fraternitatetn
691 2161 771 2184 tuam
785 2152 905 2184 defuiffe
917 2152 1164 2191 cognosceremus

337 2189 405 2219 Dat.
425 2193 514 2220 Romae
533 2190 606 2228 apud
624 2190 764 2222 sanetum
779 2191 919 2228 Petrum,
931 2191 982 2222 sub
994 2191 1112 2222 Annulo
1134 2190 1299 2228 piscatoris,
1315 2189 1363 2220 die

302 2228 369 2258 xxiv
386 2227 680 2271 Augusti,millesimo
692 2230 919 2268 quingentesimo
934 2230 1051 2261 decimo
1061 2229 1183 2269 septimo
1192 2227 1365 2269 ,Pontifica-

302 2266 352 2299 tfis
366 2265 458 2297 nostri
474 2276 551 2297 anno
567 2274 680 2307 quinto.

1154 2340 1331 2375 Binan&

339 2420 494 2488 ¹13e³on¹israbili
506 2458 603 2489 Fratri
618 2455 745 2496 Epifiopo
758 2456 917 2496 Exonienfi,

420 2604 469 2637 De
487 2601 644 2638 Praebenda
662 2601 736 2635 data
747 2612 804 2649 pro
828 2599 944 2636 Thema
971 2603 1105 2650 Lynacre
1126 2601 1246 2634 Clerico.

306 2688 430 2744 REX
454 2687 617 2726 Omnibus,
630 2687 665 2718 ad
683 2697 774 2727 quos,
792 2687 853 2718 &c.
891 2686 1028 2717 Salutem.

400 2726 502 2758 Sciatis
521 2726 601 2764 quod
622 2725 707 2764 Nos,
723 2725 759 2756 de
775 2724 877 2755 Gratia
894 2725 991 2756 nostra
1009 2725 1119 2763 speciali
1134 2735 1168 2756 ac
1193 2725 1295 2757 intuitu
1313 2724 1371 2757 Ca-

306 2765 411 2804 ritatis,
428 2764 559 2795 dedimus
578 2765 612 2796 &
628 2763 878 2801 conceffimus‚ac
895 2773 944 2802 per
960 2763 1114 2795 Praesentes
1131 2764 1229 2795 damus
1247 2765 1279 2795 &
1299 2774 1371 2794 con-

307 2804 437 2836 cedimus
455 2802 576 2833 Dilecto
593 2802 695 2833 nostro
716 2801 863 2839 Magistro
881 2801 988 2832 Thomae
1014 2805 1139 2837 Lynacre
1163 2803 1281 2833 Clerico
1312 2802 1371 2834 Ca-

307 2843 475 2874 nonicatum
493 2843 527 2873 &
546 2841 736 2872 Praebendam
762 2840 834 2871 infra
860 2839 1008 2878 Capellam
1030 2841 1155 2872 nostram
1181 2840 1370 2880 collegiatam

305 2881 404 2913 Sancti
421 2880 468 2911 Ste
488 2880 557 2911 hani
582 2879 709 2910 Martiris
735 2879 805 2910 infra
828 2878 968 2910 Palatium
991 2880 1121 2910 nostrum
1144 2879 1371 2910 westmonaste-

305 2919 393 2952 riense
409 2929 461 2950 mo
483 2921 503 2950 ὸ
524 2920 552 2948 in
572 2917 763 2957 Dispositione
790 2917 883 2948 nostra
902 2916 1048 2949 existentes
1060 2941 1071 2957 ,
1093 2928 1141 2957 per
1160 2918 1293 2949 Mortem
1306 2920 1372 2949 An-

305 2959 377 2991 dreae
391 2961 539 2988 Ammom'r
553 2957 645 2989 ultimi
661 2957 854 2988 incumbentis
874 2955 1014 2995 ejusdem,

343 2997 505 3029 Habendos
523 2997 556 3028 ὃ(
575 2996 751 3027 Gaudendos
772 2995 866 3026 dictos
891 2994 1105 3027 Canonicatum
1131 2997 1165 3027 &
1183 2994 1372 3026 Praebendam

308 3035 428 3076 praefato
448 3033 589 3075 Magistro
604 3033 713 3064 Thomae
739 3036 865 3072 Lynacre
886 3042 956 3065 curn
975 3034 1029 3065 suis
1040 3034 1153 3073 Juribus
1171 3035 1205 3066 ὅτ,
1223 3033 1373 3066 Pertinen-

309 3076 356 3108 tiis
374 3074 518 3105 universis.

345 3111 383 3144 In
400 3112 494 3151 cujus,
511 3113 573 3143 &c.

375 3149 473 3196 ‚Teste
490 3149 576 3188 Rege
590 3150 665 3189 apud
677 3147 936 3189 westmonasterium
945 3171 956 3189 ‚
974 3149 1113 3182 vicefimo
1130 3158 1232 3189 quarto
1250 3150 1296 3183 die
1311 3151 1373 3185 Au-

307 3188 393 3232 gusti·

440 3265 495 3294 Per
509 3266 605 3293 Breve
617 3265 649 3293 de
663 3266 783 3294 Privato
798 3261 895 3301 sigilla.

350 3341 394 3372 Et
408 3339 577 3370 Mandatum
591 3336 628 3381 ist
646 3336 768 3369 Decano
785 3340 818 3371 ὃς
837 3339 971 3377 Capitulo
989 3339 1104 3380 Capella
1125 3344 1203 3380 Regis
1219 3342 1372 3382 Collegiatae

312 3380 408 3409 San-632¹
420 3377 549 3417 Stephani
561 3378 638 3416 infra
654 3375 793 3408 Palatium
809 3381 886 3416 Regii·
900 3378 1171 3420 Weslmonasterienfi’
1203 3382 1258 3412 uod
1265 3383 1373 3423 praefa-

312 3425 372 3449 tum
389 3416 538 3447 Thomam
556 3415 682 3456 Lynacre
698 3419 728 3445 in
750 3416 848 3446 realem
863 3417 899 3451 &¹
922 3418 1078 3456 corporalem
1104 3420 1175 3459 Poffe
1194 3429 1280 3450 ionem
1294 3425 1372 3453 Prae-

313 3455 407 3486 hendae
416 3455 554 3494 praediclae
566 3461 671 3494 ponant
678 3454 727 3493 fi’u
737 3460 800 3494 poni
808 3454 923 3494 faciant
960 3467 992 3486 ac
1011 3460 1035 3486 ei
1051 3458 1167 3488 Stallum
1187 3463 1215 3488 in
1231 3458 1316 3490 choro
1332 3461 1370 3497 ὠ·

314 3496 417 3526 Locum
433 3496 462 3524 in
478 3492 620 3532 Capitale,
637 3500 718 3533 prout
735 3498 815 3526 moris
827 3492 881 3534 ist,
895 3506 912 3524 a
931 3501 1024 3534 ignem
1034 3496 1085 3536 seu
1099 3496 1225 3535 affignari
1235 3496 1353 3536 faciant.

349 3570 385 3602 In
398 3572 494 3609 cujus,
512 3571 574 3600 δίε.

385 3618 477 3650 Teste
493 3626 524 3648 ut
540 3617 627 3656 supra.

177 3770 294 3801 CXIII:
454 3762 544 3794 *Pro
561 3757 718 3793 Cardinali
732 3755 888 3802 Eborum,
907 3762 997 3794 Bulla
1013 3764 1225 3799 Decimarum.

658 3844 837 3893 Registrata
859 3845 946 3893 apud
961 3859 1011 3882 me
1020 3873 1035 3892 ,

1122 3933 1317 3969 Baianum.

166 3985 246 4020 ‘Ar-in.
255 3983 298 4017 D.·

191 4033 278 4063 1517.

169 4067 222 4092 An.
233 4073 261 4098 9.

170 4106 208 4130 H.
234 4101 260 4130 Β.

172 4143 212 4167 Ex
233 4141 295 4179 Ori:

170 4179 239 4215 gine}

317 4019 434 4076 LEO
459 4021 602 4069 Episco
611 4031 660 4054 Pu
670 4031 683 4054 s
693 4046 702 4061 ,
720 4023 820 4069 Servus
834 4024 979 4053 Servorum
994 4024 1049 4068 Deis
1057 4020 1192 4069 ,Diledto
1209 4025 1283 4057 Filio
1297 4025 1368 4056 rho-

385 4070 434 4090 mae
447 4060 531 4090 :litulz
547 4063 652 4092 Santflae
669 4061 773 4091 Ceczlzae
791 4060 949 4104 'Presbytero
965 4061 1105 4091 Cardinalt
1126 4063 1303 4105 Eboracenfi,
1317 4065 1366 4097 Sa·

320 4099 408 4132 lutem
426 4098 459 4129 &
478 4097 674 4136 Apostolicam
693 4099 935 4130 Benedictionem.

356 4135 715 4207 Ag‘ofnzaelff'llini’yifmmm
732 4137 857 4170 Munera
863 4137 982 4178 ,quibus
997 4137 1113 4171 illorum
1132 4137 1266 4180 Largitoi·
1281 4139 1367 4173 Altis·

1382 232 1852 278 PUBLICA.
2362 253 2441 298 137

1387 317 1471 349 fimus
1490 318 1642 365 Person-arn
1658 328 1737 365 tuam
1753 322 1945 359 multipliciter
1962 324 2104 356 decoravit
2120 350 2129 366 ‚
2159 325 2263 360 nostrae
2284 328 2440 361 dirruentes
2459 330 2534 363 Ann-

1386 358 1613 389 considerationis
1633 366 1793 402 intuitum,
1815 361 1847 390 δε
1871 363 1974 391 attente
1993 367 2186 401 prinlClCHteS
2204 367 2282 405 quoti
2300 352 2357 398 Tii’
2372 367 2438 398 Ro-
2482 376 2542 401 151'

1387 404 1502 426 manam
1521 397 1674 428 Ecclesiam
1691 420 1701 435 ,
1724 407 1803 435 cujus
1818 398 1984 430 honorabile
2007 402 2174 435 Membrum
2193 406 2301 444 existis,
2319 417 2433 437 [uorum
2457 417 2517 438 flea,
2541 410 2542 425 ³

1386 431 1521 478 Honores
1539 435 1647 473 plenius
1667 436 1858 474 magnitudine
1881 437 2051 469 Meritoruin
2068 441 2143 477 spem
2154 443 2250 473 Nobis
2265 445 2434 482 pollicentur

1383 472 1532 504 indubiam
1551 475 1630 512 quod
1645 484 1762 512 ea,qu:e
1780 474 2036 514 Circumspectioni
2054 486 2107 507 tuae
2123 480 2280 512 duxerimu,
2297 486 2435 514 commit-

1383 510 1485 556 t‘eAnda,
1498 521 1533 555 ex
1552 513 1712 550 DoCtrina,
1727 522 1761 555 ac
1780 515 1864 543 etiarn
1883 514 1966 551 longa
1985 525 2076 544 rerum
2094 519 2274 554 gerendarum
2293 524 2435 560 experien-

1383 551 1560 593 tia-quibus
1578 553 1659 582 etiam
1679 561 1707 582 te
1725 551 1890 582 illustratum
1904 554 2055 591 novimus,
2078 555 2111 583 ad
2128 556 2255 587 nosti-um
2273 560 2304 590 &
2323 561 2436 591 Sanerae

1383 586 1464 629 Sedis
1483 589 1657 626 Apostolicae
1674 589 1783 620 Statum
1798 600 1879 629 atque
1899 590 2050 621 Honorem
2069 594 2234 629 pertinentia
2248 599 2329 628 omni
2342 600 2436 630 studio

1384 626 1417 655 ἂ
1434 626 1609 658 solicitudine
1646 629 1774 658 rudenter
1789 630 1941 666 exequeris.

1419 663 1487 695 Hac
1501 667 1594 703 itaque
1632 666 1715 696 ducizi
1734 668 1822 703 moti,
1843 666 2047 697 considerantes
2061 667 2079 696 si
2095 667 2180 698 Sedes
2194 668 2356 707 Apostolica
2372 686 2436 712 pro.

1384 704 1470 733 motis
1490 704 1526 734 ad
1555 704 1766 735 Cathedralium
1793 705 1983 736 Ecclesiaruin
2005 706 2159 746 Regiinina
2175 729 2184 744 ,
2211 718 2262 747 pro
2279 715 2436 744 neceffirjis

1384 740 1519 779 Expenfis
1543 744 1572 772 in
1595 743 1640 773 sua
1667 742 1827 779 hujusmodi
1856 743 2043 774 Promotione
2073 745 2205 785 iaciendis
2227 769 2236 784 ,
2266 747 2436 782 Fac-uitatem

1385 780 1545 822 concedere
1563 781 1726 818 consuevit,
1740 790 1769 812 ut
1787 783 1823 812 ab
1841 783 1975 813 omnibus
1993 781 2119 812 Personis
2138 784 2337 816 Ecclefiisticis
2351 791 2437 820 Secu-

1384 817 1486 848 laribus
1504 820 1537 849 ὃ(
1556 819 1760 857 Regularibus,
1779 819 1918 851 Beneficia
1936 820 2127 852 Ecclesiastica
2149 824 2178 852 in
2193 832 2293 853 eorum
2312 825 2440 858 Civitatia

1386 857 1439 900 bus
1458 858 1491 888 ὃς
1511 857 1692 888 Dioeceiibus
1711 859 2101 897 obtinentibus,caritativum
2121 859 2358 900 Subliclium,pro
2373 875 2443 895 one-

1387 896 1462 925 ribus
1476 898 1665 938 promotionis
1682 896 1841 933 hujusmodi
1861 897 1968 927 facilius
1985 897 2189 938 supportandis,
2215 909 2309 937 petere
2331 902 2363 933 ὃ(
2386 906 2442 933 exi-

1388 942 1455 969 gere
1471 935 1590 973 possint,
1617 944 1704 965 uanto
1720 935 1806 973 magis
1822 936 1906 964 nobis
1919 936 2029 966 videtur
2047 937 2197 967 honestum
2216 949 2266 975 pio
2284 940 2443 971 nostrorum

1388 981 1422 1001 ac
1442 971 1576 1003 Ecclefiae
1617 974 1711 1011 porisae
1729 973 1831 1002 nostrae
1846 973 1959 1010 Jurium
1979 974 2152 1005 Defensione
2166 977 2200 1007 &
2216 978 2356 1009 Tuitione
2370 982 2446 1010 bub-

1390 1009 1456 1040 fidia
1470 1013 1504 1042 &
1519 1011 1630 1042 Auxilia
1644 1012 1679 1042 ab
1696 1011 1926 1048 Archiepiscopis
1942 1013 1974 1042 ὅ(
1994 1012 2154 1053 Episcopis,
2170 1016 2221 1053 qui
2243 1016 2311 1047 dum
2337 1017 2445 1048 Munim

1391 1047 1621 1081 Consecrationis
1634 1052 1673 1081 eis
1688 1050 1915 1087 impenderetur,
1937 1050 2091 1082 Fidelitatis
2105 1053 2208 1083 debitae
2228 1054 2310 1084 solito
2334 1066 2382 1093 per
2398 1066 2447 1086 cos

1392 1088 1513 1124 praestito
1526 1089 1715 1127 Juramento,
1730 1090 1803 1118 inter
1827 1088 1878 1118 alia
1901 1089 2088 1127 promiserunt
2108 1091 2258 1122 defendere
2276 1093 2447 1125 Romanuin

1392 1126 1529 1165 Papatum
1543 1137 1681 1165 quantum
1693 1137 1796 1157 eorum
1809 1126 1915 1157 Ordini
1931 1129 2116 1168 conveniret,
2127 1130 2162 1159 ab
2175 1130 2213 1160 eis
2227 1131 2260 1160 &
2276 1132 2333 1161 aliis
2347 1133 2450 1163 Prii-la-

1392 1166 1426 1196 tis
1444 1166 1476 1196 ὃ(
1495 1165 1667 1197 Beneficiatis
1685 1167 1714 1196 in
1733 1169 1791 1196 tarn
1811 1174 1910 1203 magna
1938 1167 2108 1198 imminente
2134 1168 2294 1200 neceffitate
2314 1172 2450 1210 implora-

1393 1213 1439 1240 re,
1453 1214 1537 1241 prout
1561 1204 1715 1235 Cariffimo
1731 1205 1760 1234 in
1777 1203 1893 1234 Christo
1908 1203 1982 1234 Filio
1997 1205 2097 1236 nostro
2116 1207 2234 1236 Henrico
2256 1208 2369 1246 Angliae
2384 1213 2450 1247 Regi

1394 1241 1514 1278 illustri,
1535 1253 1651 1274 necnon
1675 1242 1768 1273 eidem
1790 1242 2051 1280 Circumspectioni
2072 1252 2128 1275 tuae
2144 1268 2152 1282 ,
2178 1255 2212 1276 ac
2234 1245 2451 1279 Venerabilibus

1394 1280 1540 1312 Fratribus
1560 1281 1659 1311 nostris
1680 1281 1871 1320 Cantuarienfi
1891 1281 1988 1311 nostro
2007 1282 2040 1312 &
2059 1282 2236 1320 Apostolicae
2246 1284 2324 1316 Sedis
2340 1287 2450 1327 Legato

1394 1328 1479 1358 nat0,
1497 1322 1529 1350 ὃ(
1550 1320 1607 1350 aliis
1622 1320 1828 1359 Archiepz'scopis
1843 1321 1876 1352 &
1888 1319 2021 1359 Episcopis
2039 1320 2109 1352 dicti
2125 1321 2241 1362 Regni,
2253 1332 2302 1362 per
2316 1324 2380 1355 alias
2396 1336 2452 1357 no-

1396 1358 1465 1388 stras
1480 1358 1560 1389 latius
1580 1357 1820 1396 significavimus,

1432 1396 1636 1437 Sperarnusque
1653 1397 1686 1428 &
1703 1399 1827 1428 omnino
1849 1397 2033 1436 expectamus
2049 1405 2095 1438 ut,
2108 1398 2179 1429 cum
2195 1400 2377 1433 intellexerint
2391 1403 2452 1434 tam

1396 1435 1532 1473 grandem
1556 1436 1653 1466 Nobis
1676 1437 1709 1467 &
1731 1435 1824 1466 eidem
1840 1435 1974 1466 Ecclesiae
1994 1437 2100 1476 sponsae
2123 1437 2229 1468 nostrae
2245 1439 2380 1478 injuriam
2396 1441 2455 1472 illa-

1398 1482 1457 1504 tam
1473 1497 1482 1512 ,
1514 1484 1562 1505 eos
1586 1483 1723 1512 tanquam
1747 1484 1827 1504 veros
1846 1474 1954 1505 Fratres
1975 1474 2086 1505 nostros
2099 1476 2132 1507 &
2149 1476 2229 1515 hujus
2247 1478 2359 1509 Sandiae
2377 1479 2455 1510 Sedis

1398 1511 1526 1543 Honoris
1540 1513 1660 1551 cupidos
1680 1521 1740 1543 non
1757 1513 1861 1542 minori
1878 1512 2012 1544 Molestia
2049 1515 2115 1545 uam
2134 1514 2203 1545 Nos
2220 1525 2255 1546 ex
2269 1528 2302 1547 ea
2314 1517 2392 1549 affici
2404 1518 2456 1549 de⁴

1399 1552 1484 1590 bere,
1503 1552 1635 1590 illamque
1651 1561 1708 1582 non
1731 1553 1824 1582 minus
1845 1552 1884 1580 eis
1913 1552 1997 1589 quam
2019 1551 2116 1583 hobis
2137 1553 2231 1584 inferri
2254 1555 2456 1595 affirmaturos,

1398 1589 1541 1633 ipsamque
1561 1590 1696 1628 Injuriam
1714 1599 1773 1619 non
1790 1590 1881 1620 solum
1897 1589 2035 1628 ejusmodi
2054 1590 2183 1622 Subsidio
2206 1592 2251 1623 sed
2278 1595 2362 1625 etiam
2387 1606 2456 1634 pro⁴

1400 1638 1464 1666 prio
1483 1629 1624 1668 Sanguine
1641 1629 1787 1659 vindicare
1811 1627 1891 1666 posse
1909 1628 1983 1659 ultro
2000 1629 2197 1661 desideraturos
2212 1653 2222 1669 ,
2238 1632 2321 1663 nobis
2341 1636 2458 1671 procul-

1399 1667 1489 1697 dubio
1508 1668 1705 1705 promittimus
1722 1676 1775 1697 nec
1793 1666 1955 1697 dubitamus
1973 1677 2021 1697 eos
2040 1668 2152 1698 Auxilia
2176 1679 2306 1709 prompta
2328 1672 2362 1703 &
2382 1674 2459 1710 larga

1400 1705 1499 1773 sgonte
1516 1706 1686 1743 praestituros
1702 1728 1711 1743 ,
1742 1705 1895 1743 praesertim
1920 1705 2044 1744 ejusdem
2069 1709 2181 1738 Henricz
2200 1711 2278 1746 Regis
2291 1731 2301 1747 ,
2326 1711 2375 1748 qui
2406 1713 2458 1750 ὃς,

1433 1745 1496 1774 larae
1515 1743 1686 1781 Memoriae,
1705 1744 1764 1780 ejus
1787 1742 1938 1784 Genitores
1957 1754 1990 1775 ac
2011 1745 2231 1777 Praedecess'ores
2249 1748 2329 1785 hujus
2344 1749 2458 1781 San&ae

1401 1781 1480 1812 Sedis
1497 1783 1530 1814 &
1544 1782 1663 1813 sedentis
1684 1784 1715 1812 in
1729 1792 1762 1812 ea
1778 1782 1846 1811 boni
1861 1784 1969 1819 semper
1985 1782 2118 1814 Cultores
2136 1787 2169 1815 ὅ(
2188 1784 2320 1816 Fautores
2335 1787 2449 1819 fuerunt

1399 1821 1432 1851 ὃ(
1451 1822 1506 1852 tuis
1522 1820 1722 1852 efficacissimis
1740 1820 1992 1851 Exhortationibus
2010 1823 2224 1860 quamprimum
2242 1824 2271 1854 id
2289 1812 2461 1866 effeciurosz

1399 1868 1467 1889 cum
1487 1859 1546 1890 Res
1563 1860 1619 1899 ipsa
1635 1860 1777 1890 celeritate
1793 1860 1928 1895 indigeat.

1435 1896 1475 1928 Ea
1502 1906 1616 1936 propter
1642 1897 1944 1936 Circumspectionem
1971 1905 2049 1928 tuam
2080 1900 2161 1930 unius
2184 1900 2229 1931 int
2277 1910 2301 1931 ae
2329 1901 2462 1933 Decimae

1402 1934 1600 1967 Colieetorem
1619 1938 1653 1969 ὃς
1674 1936 1848 1967 Exaoorem
1865 1935 2032 1973 Apostolica
2046 1936 2242 1977 Annonam,
2283 1950 2369 1971 enore
2385 1942 2463 1972 Prae-

1401 1973 1541 2014 sentium,
1553 1975 1703 2014 Facimus,
1720 1973 1878 2012 creamus,
1892 1973 2118 2014 Censtituimus,
2139 1977 2172 2008 &
2193 1976 2391 2019 Deputamus,
2408 1980 2464 2010 Ti-

1402 2013 1489 2052 bique
1504 2014 1665 2052 hujusmodi
1685 2015 1824 2052 integram
1839 2012 1994 2045 Decimam
2008 2014 2113 2044 eisdem
2133 2015 2378 2057 Archiepiscopis,
2395 2018 2464 2058 Epi-

1400 2051 1510 2091 scopis,
1529 2052 1652 2091 Electis,
1666 2052 1951 2084 Administratoribus
1966 2074 1976 2087 ,
1997 2052 2174 2092 Abbatibus,
2192 2053 2465 2095 Commendatariis,

1403 2092 1436 2122 &
1459 2091 1590 2122 Personis
1603 2092 1663 2122 aliis
1677 2093 1706 2122 in
1719 2090 1800 2121 dicto
1816 2090 1926 2126 Regno
1938 2092 1971 2120 &
2001 2090 2061 2120 aliis
2076 2091 2160 2121 Locis
2175 2093 2268 2124 eidem
2283 2093 2361 2132 Regi
2377 2094 2466 2134 subje-

1404 2130 1458 2160 ciis
1471 2130 1706 2168 consistentibus,
1720 2130 1806 2160 etiam
1826 2128 1845 2158 fi
1863 2129 1895 2159 in
1913 2128 1971 2158 hoc
1990 2128 2068 2167 quod
2084 2140 2142 2159 non
2158 2131 2300 2162 credimus
2318 2133 2464 2165 redderent

1405 2167 1432 2199 se
1449 2168 1595 2206 difficiles,
1614 2167 1807 2207 Imponendi,
1823 2168 1871 2197 seu
1890 2166 1998 2205 Legato
2015 2168 2245 2206 Archiepiscopi's
2264 2172 2298 2202 ὃς
2318 2170 2467 2210 Episcopis

1405 2206 1527 2245 praefatis
1545 2216 1577 2239 ut
1595 2207 1671 2238 illam
1689 2207 1742 2241 suis
1759 2205 1851 2236 Cleris
1869 2206 1902 2236 &
1920 2207 1977 2236 aliis
1996 2205 2125 2237 Personis
2142 2208 2182 2238 eis
2200 2208 2331 2245 subjectis
2345 2233 2355 2248 ‚
2380 2220 2463 2248 prout

1406 2247 1499 2282 magis
1516 2253 1573 2276 tuae
1591 2244 1852 2282 Circumspeffioni
1868 2243 1959 2273 visum
1974 2244 2057 2275 fuerit
2077 2246 2208 2283 expedire
2222 2268 2232 2283 ‚
2253 2248 2403 2284 imponere
2419 2260 2467 2279 va-

1408 2284 1483 2315 leant
1508 2284 1671 2315 Licentiarn
1690 2282 1885 2318 concedendi,
1901 2282 2064 2313 Licentiarn
2079 2285 2283 2322 concedimus,
2296 2288 2329 2315 ὅ(
2344 2286 2468 2325 impoli-

1409 2328 1467 2351 tam
1493 2322 1626 2359 petendi,
1643 2320 1800 2358 colligendi
1819 2322 1860 2362 &t
1872 2321 2017 2357 exigendi,
2035 2331 2069 2351 ac
2084 2323 2126 2352 eis
2138 2323 2196 2351 tam
2214 2323 2244 2352 in
2260 2333 2362 2359 genere
2381 2328 2469 2363 quam

1409 2359 1582 2389 nominatim
1602 2361 1635 2391 ὃς
1651 2360 1680 2389 in
1698 2359 1789 2396 specie
1809 2367 1840 2388 ut
1854 2357 1929 2387 illam
1948 2358 2056 2388 solvant
2078 2360 2128 2390 iub
2154 2359 2473 2396 Excommunicationis

1408 2396 1473 2427 latae
1491 2397 1644 2428 Sententiae
1663 2398 1696 2428 ὃ(
1714 2396 1887 2427 privationis
1905 2395 2114 2429 Beneficiorum
2132 2396 2395 2432 Ecclesiasticorum
2421 2412 2471 2442 per

1410 2444 1459 2465 eos
1477 2443 1546 2466 tunc
1566 2436 1752 2466 obtentorum
1766 2457 1775 2471 ,
1809 2435 1842 2465 &
1862 2434 1921 2463 aliis
1936 2440 1972 2465 de
1994 2436 2097 2473 quibus
2115 2435 2189 2469 Tibi
2210 2437 2355 2470 videbitur
2373 2440 2472 2473 Poenis

1411 2474 1498 2504 etiam
1519 2474 1708 2511 Pecuniariis,
1724 2472 1891 2510 mandandi,
1908 2483 1942 2503 ac
1960 2473 2133 2505 Terminum
2147 2476 2183 2505 ad
2195 2475 2224 2505 id
2245 2478 2469 2518 praefigendi,&

1410 2511 1558 2549 praefixuni
1575 2512 1659 2543 semel
1678 2514 1711 2544 &
1729 2512 1829 2549 pluries
1854 2512 1958 2541 totiens
1981 2513 2110 2551 quotiens
2134 2514 2188 2544 tibi
2211 2515 2350 2547 videbitur
2369 2528 2472 2555 proro-

1412 2551 1497 2590 gandi
1519 2573 1529 2589 ,
1565 2560 1599 2581 ac
1622 2561 1673 2588 pro
1701 2550 1824 2588 ejusdem
1857 2548 1989 2579 Decimae
2011 2550 2110 2581 leviori
2127 2561 2162 2582 ac
2179 2552 2296 2583 faciliori
2313 2554 2472 2588 Exaffione

1413 2600 1506 2621 unum
1522 2589 1569 2620 vel
1585 2590 1676 2628 piures
1692 2597 1737 2620 tot
1758 2596 1826 2626 quot
1843 2586 1916 2617 Tibi
1929 2588 2070 2619 videbitur
2086 2590 2330 2632 Subcolieetores,
2347 2596 2395 2634 qui
2414 2597 2472 2633 pari

1413 2638 1467 2668 qua
1489 2627 1723 2667 Circumspeciiio
1738 2636 1784 2658 tua
1799 2636 1848 2664 per
1864 2626 2016 2658 Praesentes
2037 2629 2121 2658 uteris
2140 2628 2284 2661 Facultate
2299 2631 2470 2673 fungantur,

1412 2668 1571 2708 deputandi
1582 2669 1641 2698 t‘am
1661 2666 1826 2707 generaliter
1847 2666 1934 2708 quain
1954 2666 2144 2704 nominatim,
2165 2668 2198 2698 ὃς
2217 2668 2379 2709 Deputatos
2393 2683 2473 2703 amo-

1411 2708 1557 2747 vendi,&
1575 2707 1643 2737 alios
1663 2714 1764 2737 eoiurn
1780 2705 1850 2735 loco
1869 2712 1972 2735 totiens
1990 2705 2121 2742 quotiens
2136 2706 2209 2736 Tibi
2225 2708 2368 2741 videbitur
2381 2709 2473 2741 surro-

1412 2746 1497 2782 gandi
1514 2769 1523 2784 ,
1548 2755 1664 2777 necnon
1681 2745 1700 2765 ²*
1719 2746 1860 2786 integram
1886 2742 2045 2773 Decimam
2066 2743 2152 2780 ipsam
2177 2744 2283 2776 solvere
2301 2747 2473 2780 Recusantes
2495 2763 2511 2781 t
2536 2764 2542 2773 =

1412 2785 1458 2816 vel
1477 2783 1706 2822 Differentes‚&
1722 2781 1885 2825 generaliter
1904 2780 2137 2824 Contradictores
2152 2783 2295 2821 quossibet
2310 2788 2343 2817 &
2363 2797 2401 2817 ne
2421 2788 2473 2818 sol·
2536 2784 2542 2789 Α

1411 2831 1493 2854 vatur
1511 2824 1701 2864 persuadentes
1713 2845 1723 2859 ,
1745 2820 1851 2851 directe
1871 2819 1916 2849 vel
1933 2820 2071 2850 indirecte
2091 2830 2140 2858 per
2156 2821 2313 2854 Ceniuram
2332 2825 2472 2857 Ecclesia·
2529 2811 2542 2838 5

1414 2861 1512 2892 sticam
1522 2885 1531 2901 ‚
1553 2864 1586 2894 &
1601 2862 1676 2901 Juris
1691 2859 1815 2890 remedia
1828 2866 1984 2899 oportuna,
2001 2858 2195 2896 Appellatione
2209 2860 2474 2902 postpofita,com-

1414 2902 1565 2939 pescendi,
1582 2903 1718 2932 invocato
1733 2899 1819 2930 etiam
1840 2900 1858 2927 ii
1875 2906 1946 2940 opus
1965 2898 2046 2939 tuerit
2059 2898 2098 2940 'ad-
2112 2898 2168 2928 hoc
2192 2899 2293 2931 auxilio
2311 2901 2418 2933 brachii
2432 2904 2473 2933 se.

1415 2940 1674 2980 cularis‚solventes
1691 2939 1760 2969 vero
1779 2937 1815 2967 de
1827 2935 1923 2979 'solutis
1940 2935 2064 2978 quitaiidi
2082 2935 2274 2974 liberandi,&
2289 2939 2326 2969 ab
2341 2939 2472 2972 Excom-

1415 2980 1618 3011 municationis
1636 2978 1771 3010 sententia
1787 2975 1899 3016 aliisque
1917 2973 2050 3015 Ceniuris
2068 2974 2100 3005 ὅ(
2119 2974 2218 3018 IJcenis
2236 2986 2302 3015 quas
2320 2977 2398 3011 dieta
2416 2990 2470 3012 oc-

1413 3018 1524 3050 casione
1541 3017 1758 3059 quomodolibet
1776 3012 1950 3044 incurrissent
1971 3012 2151 3051 absolvendi,

1450 3057 1489 3088 Et
1508 3057 1673 3096 generaliter
1690 3053 1790 3085 omnia
1809 3053 1843 3084 &
1863 3051 1967 3091 singula
1991 3051 2021 3081 in
2048 3050 2198 3094 Praemiffis
2215 3053 2249 3084 &
2267 3053 2344 3086 circa
2363 3063 2395 3087 ea
2421 3067 2471 3089 ne-

1412 3096 1525 3127 cessaria
1542 3096 1588 3127 seu
1604 3092 1823 3134 quomodolibet
1839 3101 1870 3124 or
1900 3099 1982 3122 rtuna
1995 3089 2146 3130 FaCiendi,
2164 3090 2383 3132 Mandandi,&
2398 3095 2471 3126 Exe-

1413 3135 1517 3173 quendi
1537 3135 1648 3173 plenam
1668 3134 1701 3164 ἃ
1718 3131 1835 3162 liberam
1880 3139 1965 3160 enore
1986 3127 2171 3160 Praesentiurn
2192 3129 2392 3165 Concedimus
2415 3134 2469 3165 Fa-

1412 3174 1458 3204 cul
1473 3182 1497 3204 at
1517 3183 1563 3204 m:

1451 3182 1526 3243 ItNloen
1544 3211 1718 3243 obstantibus
1740 3209 1760 3239 si
1772 3208 1875 3240 eisdem
1894 3204 2141 3251 Archiepiscopis,
2159 3205 2325 3247 Episcopis,
2345 3207 2468 3249 Eleffls,

1412 3247 1995 3289 Commendatariis‚Adniinistratoribii5,
2012 3245 2186 3284 AbbatibuS,
2202 3246 2362 3285 Prioribus,
2384 3249 2467 3279 Mili-

1412 3290 1502 3327 tibus,
1516 3291 1549 3321 &
1565 3290 1623 3320 aliis
1634 3288 1759 3319 Personis
1774 3283 2040 3321 Eccleliasticis,vel
2055 3283 2195 3321 quibusvis
2214 3285 2271 3315 aliis
2286 3287 2466 3324 conjunetim

1411 3329 1456 3360 vel
1471 3329 1582 3360 divifim
1596 3330 1632 3359 ab
1651 3325 1815 3365 Apostolica
1831 3326 1862 3355 sit
1875 3322 1946 3355 Sede
1963 3321 2108 3352 Indultum
2124 3322 2204 3360 quod
2228 3322 2262 3353 ad
2283 3322 2466 3356 Solutionem

1411 3368 1530 3406 alicujus
1544 3367 1680 3398 Decimae
1695 3364 1817 3395 minime
1840 3361 2042 3405 teneanturssc
2058 3360 2091 3391 ad
2116 3362 2148 3390 in·
2166 3361 2301 3398 compelli
2320 3371 2366 3392 aut
2386 3364 2469 3403 quod

1412 3407 1542 3437 interdici
1563 3405 1690 3447 suspendi
1715 3402 1760 3434 vel
1782 3409 2025 3441 excommunicari
2041 3421 2050 3436 ,
2074 3407 2122 3430 aut
2145 3408 2218 3443 extra
2236 3399 2280 3429 vel
2301 3399 2372 3430 ultra
2387 3410 2465 3434 certa

1413 3446 1494 3476 Loca
1508 3446 1543 3477 ad
1565 3445 1711 3484 judicium
1733 3441 1929 3482 evocaritnon
1946 3439 2067 3481 p9ssisst⁷
2089 3447 2139 3475 pes
2155 3437 2271 3483 tht‘ims
2285 3438 2467 3477 AP0st011C³8

1411 3493 1471 3513 non
1486 3484 1620 3515 facientes
1632 3483 1669 3513 de
1682 3480 1797 3512 Indulto
1815 3477 1974 3516 huJusmodi
1993 3478 2102 3517 ejuiqqe
2124 3484 2186 3505 toto
2204 3476 2323 3508 ἸΘΠΟΥΕ
2345 3487 2378 3507 ac
2396 3489 2464 3516 pro-

1409 3523 1476 3560 priis
1492 3523 1616 3561 ipsorum
1632 3522 1781 3552 Locorum
1804 3516 1950 3546 Ordinum
1969 3514 2200 3558 &Personarum
2225 3513 2410 3557 Nominibus
2430 3519 2464 3550 &

1409 3559 1641 3599 Cognoniinibus
1650 3561 1697 3598 ,ὃς
1713 3556 1926 3597 quibuscunque
1940 3553 2112 3590 Privilegiis,
2124 3551 2362 3596 Exemptionibus
2374 3557 2462 3587 etiam

1408 3600 1438 3630 in
1459 3599 1591 3637 Corpore
1621 3600 1673 3629 uris
1687 3596 1791 3627 Clausis
1805 3604 1838 3624 ac
1862 3589 2171 3635 Litteris-Ap0st011018
2191 3591 2334 3628 quibusvis
2356 3593 2462 3634 Digni⁴

1409 3638 1511 3668 tatibus
1532 3638 1577 3669 seu
1594 3600 2019 3673 &rdininibus,StabilinientiS,
2030 3628 2139 3672 Usibus
2150 3629 2184 3659 &
2200 3629 2374 3673 Naturis,&
2388 3643 2459 3670 prae·

1409 3678 1494 3713 cipue
1512 3677 1609 3707 Sanni
1631 3673 1776 3706 Benedicti
1788 3672 1821 3700 sc
1836 3666 2459 3712 sanetiAugust1n1>SanfflJobannisJeru-

1409 3715 1569 3753 solimitani,
1585 3712 1789 3747 Cluniacenlis,
1805 3705 2011 3742 Cistercrenfis,
2026 3703 2213 3748 Cartufiensis,
2227 3705 2460 3750 Camaldulensis,

1409 3749 1874 3790 Valhsumbrosae,Cruciferoi·um
1885 3746 1940 3788 ,'&'
1957 3742 2180 3775 Huiniliatorum
2194 3754 2228 3775 ac
2243 3745 2364 3787 ipsorum
2379 3747 2459 3778 Uni-

1409 3793 1580 3823 versitatibus
1593 3791 1754 3831 generaliter
1769 3786 1812 3816 vel
1833 3783 1984 3821 specialiter
2002 3782 2051 3812 fiib
2064 3791 2231 3822 quacunque
2251 3784 2345 3827 torma
2360 3785 2393 3815 &
2408 3794 2459 3816 ex-

1408 3830 1544 3870 presfione
1557 3832 1708 3861 vegborum
1725 3849 1735 3864 ,
1752 3826 1788 3855 ab
1808 3824 1903 3864 eadem
1925 3820 1998 3850 Sede
2019 3820 2158 3864 conoeffis
2170 3844 2179 3859 ,
2205 3830 2460 3863 mentionemque,

1407 3870 1493 3900 etiam
1511 3869 1530 3899 fi
1551 3869 1587 3899 de
1606 3870 1644 3898 ej,-
1658 3872 1815 3900 eorumque
1836 3868 1900 3890 totis
1926 3858 2090 3890 Tenoribus
2109 3859 2146 3890 de
2168 3861 2258 3889 verbo
2277 3860 2310 3890 ad
2334 3863 2457 3893 verbum

1407 3907 1498 3946 quoad
1512 3915 1683 3945 oportunam
1698 3910 1801 3934 eorum
1815 3899 1847 3929 &
1862 3896 2056 3941 Clausularum
2071 3898 2099 3927 in
2114 3899 2152 3927 eis
2169 3897 2377 3930 Contentarum
2392 3900 2455 3931 De-

1406 3947 1613 3983 rogatoriarum
1638 3943 1718 3973 Dero
1738 3940 1863 3980 ationem
1879 3935 2075 3980 ‚Praesenti—bus
2097 3936 2221 3967 habenda
2249 3936 2319 3968 esset
2347 3941 2459 3969 mentio

1405 3984 1541 4021 specialis,
1563 3983 1654 4021 eisque
1670 3980 1704 4010 ad
1746 3976 1864 4017 raemiiia
1877 3975 2004 4019 illisaiias
2018 3985 2049 4005 in
2069 3974 2122 4005 suo
2134 3974 2239 4005 robore
2253 3977 2459 4016 permansuris,

1405 4022 1546 4053 Volumus
1560 4018 1776 4059 quomodolibet
1787 4013 1939 4057 suffissgasf-
1975 4053 1980 4058 ,
2096 4051 2102 4057 ,
2238 4051 2243 4057 ,
2258 4052 2264 4058 ,
2339 4053 2344 4058 ,

1440 4061 1582 4091 Volumus
1595 4066 1690 4089 autern
1710 4064 1741 4086 ut
1755 4061 1832 4091 Juxta
1849 4051 2072 4082 Ordinationem
2094 4060 2123 4081 in
2147 4047 2286 4083 Concilio
2307 4051 2461 4084 Viennensi

1404 4099 1482 4137 super
1506 4100 1564 4128 hoc
1585 4097 1691 4127 editam
1708 4094 1821 4124 Calices
1844 4089 1924 4120 Libri
1945 4092 1978 4122 &
1996 4092 2047 4121 alia
2070 4088 2247 4120 Omamenta
2270 4090 2459 4122 Ecclesiarum

1406 4136 1651 4170 monasteriorum
1674 4131 1880 4165 Beneficiorum
1903 4129 1936 4197 &Sc
1963 4129 2086 4160 Piorum
2120 4127 2272 4160 Locorum
2297 4126 2459 4199 hujusrnbdi

2443 4180 2467 4200 l-
