2542 4274
21 184 100 218 Arm.
115 183 155 213 D.

46 232 129 262 1521.

26 266 90 290 lien.
114 262 141 289 S.

176 192 256 224 Reges
282 183 447 224 praedictos,
472 191 506 214 ac
525 190 660 222 caeteros,
687 189 716 219 ut
733 181 893 220 praefertur,
921 180 1015 224 Reges
1035 179 1067 210 &

173 101 250 151 198

184 224 378 262 Christianos,
406 221 561 260 Civitates,
587 221 773 258 PotentatuS,
800 219 1050 254 Communrrares,
1086 215 1246 249 NatioiieS‚

184 264 349 298 Dominia,
384 261 417 291 &
443 270 542 291 eorum
567 259 700 290 Haeredes
726 260 760 290 δε
786 258 980 293 Sticceffores,
1011 254 1243 299 atquexRegna,

183 303 302 340 Terras,
331 300 449 336 Patrias,
478 299 633 336 Dominis,
656 299 687 328 ὃ(
709 298 791 328 Loca
811 305 1017 334 quaecumque,
1042 303 1075 323 ac
1095 293 1248 326 bubditOS,

186 340 213 370 V
217 340 337 376 aflallos,
357 338 598 375 Confoederatos,
619 338 753 373 Amicos,
771 335 997 367 &Adhierentes
1016 330 1128 362 nostros
1144 332 1176 360 ὃς
1193 338 1246 358 eo-

187 389 254 409 rum
279 376 417 416 quoscum
440 387 472 407 ue
496 377 528 407 &
556 379 851 413 quomodocumque,
877 373 961 402 etiarn
981 370 1015 400 ad
1043 368 1248 412 Defensionem

190 416 396 455 Personarum,
445 416 594 452 amarum,
619 414 826 445 Dominiorum
854 410 1015 440 nostrorum
1041 408 1087 436 vel
1104 408 1251 447 dictorum

191 456 380 492 Principum,
400 456 485 484 etiam
505 455 533 483 in
552 453 671 483 Persona
689 451 784 481 nostra
804 450 932 489 propria,
951 447 984 490 ὃς
1004 445 1046 476 Ex
1068 446 1137 475 ensis
1153 444 1254 486 nostris

190 495 311 531 propriis
337 493 393 523 sive
419 493 655 532 Requirentium,
674 489 808 526 ineunda,
827 487 1003 531 Tradiandi,
1078 482 1253 519 ncordandi,

188 532 374 570 Pacilcendi,
393 531 613 567 Conveniendi,
629 530 661 560 ὃ(
678 525 895 563 Concludendi,

227 571 345 609 Nosque
366 572 465 610 Regna
485 570 589 599 Terras
604 570 637 600 ὃ(
655 567 791 597 Dominia
804 564 898 594 nostra
911 571 1100 605 quaecumque
1115 560 1150 590 ad
1166 558 1252 603 Con-

189 619 346 641 ventorum
373 612 406 641 δε
435 608 646 639 Conclusorum
674 603 868 634 inviolabilem
895 601 1114 632 Observantiarn
1141 598 1252 628 Astrin-

190 648 278 686 gendi
299 650 331 679 ὅ(
351 647 524 686 Oblzgandi,
715 681 720 686 ⁷
922 679 926 685 Ι

190 707 196 709 -
231 689 276 717 Ac
295 688 374 725 iuper
392 685 552 723 hujusmodi
571 683 734 713 Conventis
752 679 942 710 Concordatis
962 678 994 709 &
1014 675 1163 707 Conclusis
1179 684 1248 719 curn

192 725 276 756 dicre>
294 725 456 764 sazffligiinro
476 725 591 752 Domino
610 720 713 759 riostw,
740 717 860 756 praefatis
883 717 1108 754 consanguineis
1131 713 1251 758 nostris,

193 764 291 794 Car-clo
311 760 490 793 Rom-:anorum
508 760 546 795 «θ’
565 761 757 797 Ηι]])ιιηία1ἰινιι
777 758 810 788 &
831 757 968 795 Franczsto
986 759 1149 784 Francorum
1175 754 1254 789 Regi-

194 802 257 840 bus,
277 804 308 834 &
328 812 394 832 cuni
416 800 555 839 praedietis
574 798 754 834 Principibus
773 794 954 833 Christianis,
970 793 1148 829 Civitatibus,
1158 790 1253 834 Corn-

195 842 398 879 munitatibus,
424 839 613 874 Nationibus,
640 837 671 866 δε
690 834 854 872 Dominiis,
882 833 925 863 seu
951 841 1050 862 eorum
1071 830 1255 866 Oratoribus,

195 879 436 917 quibuscumque,
455 877 559 907 Literas
577 874 678 905 validas
696 875 729 905 δε
747 872 877 902 efficaces
894 881 947 910 pro
966 870 1048 900 Parte
1066 867 1161 899 nostra
1181 867 1254 898 Tra-

230 920 277 947 ridi

191 919 359 996 deAlia'sque
375 953 528 986 consimilis
544 950 663 983 effeetus
681 952 714 983 &
735 950 839 989 vigoris
854 949 890 979 ab
908 948 972 986 ipsis
995 944 1115 977 Petendi
1133 945 1166 976 &
1183 944 1253 975 Exi-

214 995 278 1024 eitdi

194 1004 212 1035 g
233 1018 403 1069 Pler'nmque
429 1038 559 1070 praeterea
583 1027 755 1060 Potestatem
776 1026 975 1064 Juramentum
995 1025 1026 1068 in
1046 1023 1181 1066 Animam
1199 1033 1255 1053 no-

193 1071 280 1103 stram
308 1070 481 1107 Praestandi,
507 1068 586 1107 quod
611 1067 769 1098 tenebimus
796 1065 828 1095 &
852 1063 1072 1107 adimplebimus
1096 1062 1201 1092 realiter
1220 1061 1254 1092 &

193 1121 263 1141 cum
279 1108 384 1140 effectu
402 1108 502 1139 omnia
519 1108 553 1138 ὃ(
572 1105 678 1143 singula
696 1114 757 1142 quae
776 1104 804 1133 in
823 1102 966 1141 praedicitis
984 1103 1017 1133 &
1033 1111 1108 1132 circa
1125 1111 1156 1130 ea
1184 1099 1254 1130 No-

190 1150 269 1180 mine
284 1146 382 1178 nostro
396 1146 632 1182 concordabunt,
650 1142 839 1180 convenient,
851 1142 1003 1180 jurabunt,
1021 1140 1054 1170 δε
1070 1138 1253 1183 concludent,

186 1197 220 1218 ac
239 1186 318 1226 quod
337 1184 387 1215 llla
405 1184 620 1221 ratificabimus,
645 1183 678 1213 δε
698 1181 777 1212 nullo
795 1189 919 1218 unquam
946 1188 1076 1216 tempore
1096 1178 1247 1221 revocabi-

186 1235 266 1265 mus,
291 1234 346 1255 nec
364 1233 463 1254 contra
479 1233 512 1255 ea
530 1221 575 1253 vel
593 1231 692 1252 eorum
712 1218 826 1258 aliquod
846 1219 981 1250 faciemus
999 1217 1043 1249 vel
1070 1227 1172 1256 quovm
1193 1215 1248 1247 Pa-

190 1264 240 1295 ξὶο
259 1264 405 1294 veniemus

225 1302 381 1341 Simileque
423 1307 600 1330 uramentum
626 1308 641 1328 a
660 1297 739 1328 dicio
758 1293 923 1334 Sanlliffimo
949 1297 1064 1325 Domino
1083 1292 1190 1337 nostro,
1210 1292 1248 1323 11-

187 1340 354 1372 lustrissimis
371 1338 465 1369 carolo
482 1340 661 1368 Romanorum
677 1333 714 1370 ὠ
730 1334 941 1374 Hispaniarum,
959 1336 991 1365 ὅ(
1006 1335 1249 1376 Franciscofjranl-

185 1389 292 1416 corum,
312 1379 470 1415 caeteriique
490 1376 638 1414 Regibus,
658 1375 852 1412 Principibus,
876 1373 1088 1410 Potentatibus,
1114 1370 1249 1414 CiVitati-

189 1419 257 1454 bus,
278 1416 558 1453 Comniunitatibus,
576 1415 609 1446 ὃ(
627 1414 776 1444 Dominiis
795 1411 917 1451 praestari
944 1410 1083 1448 Videndi,
1112 1408 1250 1448 Petendi,

186 1457 219 1489 δε
238 1455 399 1492 Erigendi,
1076 1488 1081 1493 ,
1141 1487 1146 1492 ¹

227 1495 271 1525 Ac
289 1493 451 1533 generaliter
466 1493 564 1523 omnia
579 1493 612 1522 ὃς
624 1491 726 1530 singula
744 1490 879 1521 Nomine
895 1488 994 1520 nostro
1018 1486 1166 1530 Facuendi,
1185 1484 1249 1515 Ge-

186 1532 284 1570 rendi,
310 1531 482 1569 Exercendi,
508 1531 541 1562 &
566 1530 725 1567 Firmandi,
749 1529 952 1569 cujuscumque
967 1525 1117 1558 naturae&
1140 1534 1249 1564 impor-

186 1573 280 1602 tantiae
293 1571 399 1601 fuerint
416 1579 462 1600 aut
475 1570 530 1600 esse
546 1569 686 1607 poterint,
706 1569 733 1598 in
750 1567 893 1606 praedictis
916 1568 949 1599 δε
973 1567 1048 1596 circa
1069 1574 1101 1608 ea
1122 1563 1249 1606 necessa·

188 1611 229 1640 ria
245 1611 277 1641 &
292 1619 432 1647 oportuna
443 1631 452 1647 ,
473 1609 577 1646 &quae
591 1609 661 1637 tanti
676 1606 799 1644 Negotii
814 1604 928 1644 qualitas
942 1628 951 1642 ,
969 1614 1038 1635 cum
1050 1601 1179 1648 'eiusdem
1193 1612 1249 1632 cir—

186 1648 360 1678 cumstantiis
375 1646 600 1691 dependentibus
613 1647 645 1677 &
661 1647 791 1683 annexis,
809 1646 895 1682 exigit
911 1652 958 1675 aut
980 1650 1112 1681 requirit,
1129 1642 1162 1672 &
1185 1650 1248 1684 quae

189 1686 290 1718 Nobis
304 1686 395 1717 facere
412 1686 507 1716 liceret
524 1685 542 1714 si
560 1683 713 1714 Praemiffis
734 1684 912 1721 personaliter
933 1680 1144 1717 interessemus,
1161 1688 1248 1710 etiam

188 1725 208 1755 si
223 1725 353 1763 expressis
369 1725 457 1762 longe
475 1725 580 1762 majora
595 1722 663 1761 sint,
680 1731 727 1753 aut
740 1722 801 1752 talia
813 1721 908 1752 forent
923 1730 987 1759 quae
1001 1720 1036 1750 de
1049 1718 1094 1749 sua
1108 1727 1203 1760 natura
1212 1717 1246 1761 ad

187 1774 219 1793 ea
234 1763 402 1801 perficienda
422 1762 592 1793 Mandatum
607 1762 721 1801 exigunt
743 1761 834 1799 magis
851 1760 967 1798 speciale
991 1759 1076 1797 quam
1098 1756 1247 1787 Praeienti-

186 1803 239 1832 bus
253 1803 282 1832 sit
298 1801 472 1841 expressum,

225 1840 443 1879 promittentes,
461 1838 538 1870 bona
552 1838 621 1868 Fide
634 1839 666 1869 δε
682 1839 711 1868 in
726 1838 827 1870 Verbo
842 1837 936 1875 Regio
945 1834 1020 1879 „Nos
1043 1834 1152 1877 Rarum
1169 1834 1246 1864 Gra-

183 1885 246 1910 tum
264 1880 297 1910 ὃς
320 1880 450 1910 Firmum
474 1878 616 1907 habituros
631 1878 657 1906 id
672 1885 767 1907 totum
783 1878 817 1908 &
838 1874 972 1914 quicquid
987 1883 1035 1911 per
1056 1873 1167 1903 dietum
1184 1873 1246 1917 Lo:

187 1919 417 1955 cunitenentem,
437 1916 610 1954 Oratorem,
635 1915 892 1953 Ambassiatorem,
916 1913 1078 1949 Legatum,
1101 1910 1248 1942 Commii-

36 1955 52 1972 *
81 1955 167 1982 XUT·
189 1957 310 1994 sirium,
337 1956 569 1990 Procuratorem,
597 1956 614 1973 *
647 1953 844 1991 Deputatum,
868 1955 900 1984 ἃ
923 1951 1098 1988 Nuncium,
1123 1960 1169 1981 aut
1189 1952 1246 1981 e'us

75 2002 139 2029 752.

38 2746 116 2778 Arm.
129 2744 171 2775 D.

61 2794 144 2823 152¹·

38 2830 90 2862 ‘⁹0-
124 2833 168 2860 13-
189 2831 241 2868 ris,
261 2828 395 2858 Salutem.

38 2867 72 2889 H.
89 2861 113 2888 8,

38 2904 79 2926 Ex
88 2902 147 2927 0νὶ-

31 2941 99 2974 gine.

189 1995 349 2032 Deputatos
366 1995 411 2024 seu
430 1992 617 2029 Substitutos,
636 1992 765 2030 Actum,
792 1991 935 2028 Gestum,
963 1989 1172 2026 Conventum,
1214 1999 1246 2019 u-

187 2043 299 2072 ratum,
319 2041 366 2064 aut
385 2032 507 2063 Factum
527 2032 611 2061 fuerit
630 2032 659 2060 in
679 2029 844 2067 premisse,
860 2030 892 2060 &
911 2038 1011 2059 contra
1029 2037 1062 2058 ea
1078 2026 1123 2057 vel
1143 2037 1244 2059 eorum

184 2072 277 2110 aliqua
295 2072 370 2102 nullo
392 2071 479 2101 modo
500 2071 694 2100 contravenire
713 2081 724 2108 3
762 2070 857 2098 imino
882 2066 937 2104 ipsa
964 2075 1145 2097 manutenere
1163 2089 1172 2104 ,
1211 2067 1243 2097 ὅτ.

185 2111 382 2142 inviolabiliter
401 2109 548 2140 observare
565 2131 576 2147 ,
614 2118 647 2139 ac
667 2118 716 2146 per
734 2106 839 2138 nostras
855 2106 983 2138 Parentes
1001 2105 1121 2136 Litteras
1138 2104 1243 2136 confir-

190 2159 354 2223 mii'iecuius
368 2187 406 2216 rei
423 2184 644 2216 Testimonium
660 2185 846 2216 Praesentibus
861 2182 1033 2221 hiis,Manu
1048 2180 1143 2212 nostri
1158 2180 1245 2220 signa-

187 2227 220 2259 tis
230 2249 239 2265 ,
256 2226 388 2264 Sigillum
404 2225 533 2255 nostrum
551 2224 680 2255 duximus
694 2222 906 2264 apponendum.

227 2301 298 2333 Dat.
316 2303 344 2333 in
364 2305 489 2332 civitate
507 2300 596 2341 nostra
613 2301 736 2331 London.
756 2299 905 2331 Vicesimo
923 2308 1002 2329 nono
1021 2296 1067 2328 die
1079 2295 1148 2334 Julii
1186 2297 1248 2341 ΑΗ·-

188 2352 230 2373 no
255 2342 376 2372 Domini
404 2340 564 2371 Milleliino
591 2339 822 2379 quingentesimo
847 2338 988 2377 vigesimo
1011 2337 1126 2375 primo,
1152 2320 1249 2374 &egi-ii

188 2383 260 2412 vero
281 2379 370 2411 nostri
388 2379 617 2411 Tertiodecimo.

1078 2448 1248 2481 Heme.

180 2605 417 2652 Tranfhivnptuin
450 2606 627 2636 Litterarum
659 2602 843 2641 variatus,
880 2598 924 2632 ad
947 2597 1124 2632 Arbitrium
1151 2600 1239 2644 Regis

575 2649 672 2684 habiti
697 2653 734 2688 ὠ·
754 2649 884 2693 canali-(si.

232 2749 372 2789 Rancifius
409 2748 467 2779 Dei
483 2748 589 2788 gratia,
605 2750 771 2789 Francorrcm
790 2744 889 2787 REX,
910 2742 1062 2788 Mediolani
1082 2743 1190 2787 DU-x,
1214 2743 1247 2773 &

249 2790 354 2828 Januae
374 2772 404 2818 D
415 2798 436 2818 0
446 2795 472 2817 M
483 2797 495 2817 1
507 2795 527 2817 Ν
540 2796 562 2817 υ
575 2796 587 2817 s
596 2809 606 2826 ,
633 2786 780 2822 univerlis,
806 2786 958 2823 praesentes
981 2783 1087 2813 Lireras
1109 2782 1248 2820 inspectu-

228 2867 306 2897 Cum
330 2875 418 2903 nuper
440 2872 532 2894 cerrus
553 2862 703 2893 Tractatus
718 2862 798 2892 fuerit
816 2861 904 2891 Initus
925 2858 1113 2902 concordatus
1128 2860 1161 2890 ὅ(
1176 2869 1247 2889 con-

193 2906 283 2937 clusus
301 2906 372 2934 inter
386 2903 520 2933 Oratores
537 2901 680 2932 Cariffirni
696 2901 792 2931 Fratris
804 2902 837 2932 &
855 2898 1072 2934 Consanguinei
1091 2897 1179 2927 nostri
1193 2901 1247 2927 Ca-

189 2944 239 2974 roli
252 2947 280 2972 in
293 2946 387 2980 Regem
400 2944 579 2971 Romanorum
592 2939 681 2969 Elecrt
705 2941 737 2971 &
757 2938 900 2976 Nostros,
915 2936 1073 2967 Existentes
1091 2938 1121 2966 in
1144 2936 1245 2975 Oppido

191 2982 308 3021 Califiae,
1224 3014 1230 3019 .

227 3021 290 3060 Qui
304 3018 419 3056 quidem
426 3017 578 3049 Tracratus
593 3015 676 3046 fuerit
689 3025 738 3053 per
753 3017 844 3047 nos&
852 3023 1002 3052 utrumque
1015 3013 1144 3044 nostrum
1163 3013 1245 3044 Rati-

191 3060 288 3091 ficatus
304 3057 495 3087 Confirmatus
508 3058 541 3087 δε
559 3055 737 3093 Approbatus
748 3076 757 3092 ‚
775 3055 844 3084 ficut
856 3063 986 3093 apparere
1000 3052 1092 3091 potest
1116 3061 1165 3090 per
1181 3053 1245 3083 Lit-

190 3108 260 3130 teras
275 3098 310 3126 ab
325 3104 443 3133 utroque
458 3093 602 3124 Nostrum
618 3093 694 3122 alteri
708 3093 839 3130 traditas,

227 3133 427 3173 Fuerirnui'que
450 3132 584 3172 Requisiti
605 3141 637 3161 ex
659 3140 736 3168 parte
757 3129 991 3161 Reverendisfimi
1013 3131 1043 3159 in
1059 3129 1176 3160 Christo
1191 3128 1242 3160 Pa·

188 3177 236 3208 tris
251 3173 356 3204 Thomae
367 3195 376 3211 ,
394 3171 573 3201 Miseratione
591 3169 712 3207 Divina,
729 3169 924 3206 Archiepiscopi
945 3167 983 3202 &
999 3167 1152 3197 cardinalis
1171 3168 1245 3197 Ebo—

190 3213 320 3250 rasenfis,
339 3211 375 3240 de
391 3211 487 3240 Latere
505 3209 605 3245 Legati
620 3218 653 3238 ac
671 3207 814 3237 Cariffimi
829 3209 860 3238 &
883 3206 1067 3237 Diieffiffimi
1090 3207 1189 3236 Fratris
1210 3208 1244 3238 ὃ(

190 3250 404 3289 Conianguinei
420 3247 508 3278 nostri
519 3250 596 3284 Regis
610 3245 721 3283 Angliae
739 3246 987 3282 Locumtenentis,
1003 3246 1083 3282 cujus
1098 3244 1244 3275 Interven-

192 3300 222 3322 tu
239 3290 331 3320 dietus
345 3287 497 3318 Transsatus
518 3285 571 3316 fuit
593 3285 756 3321 conclusus,
784 3283 991 3322 Tranfiamptum
1015 3293 1102 3313 unum
1127 3283 1245 3314 Littera-

193 3339 276 3365 rum,
293 3338 309 3357 a
323 3326 402 3357 dicto
417 3326 510 3356 Fratre
524 3325 557 3355 &
573 3322 797 3359 Consanguineo
814 3323 909 3352 nostro
925 3321 1019 3350 Electa
1032 3325 1061 3351 in
1082 3325 1177 3359 Regem
1191 3324 1246 3351 Ro-

193 3376 331 3397 manorum
344 3365 428 3394 nobis
446 3363 626 3401 traditarum,
644 3362 684 3391 illi
696 3361 760 3391 dare
777 3360 825 3390 sub
841 3360 877 3390 M
914 3369 953 3389 no
975 3360 1075 3396 Sigillo
1097 3360 1244 3401 Cancella-

191 3407 241 3435 riae
260 3404 380 3442 nostrae,
398 3411 427 3433 ut
449 3402 508 3440 plus
522 3401 622 3430 habeat
646 3400 828 3430 Auctoritatis
843 3400 875 3430 &
926 3397 1065 3436 lomenti,
1081 3398 1242 3429 cumidem

193 3443 343 3472 obtinuerit
355 3452 371 3471 a
383 3441 452 3470 didio
467 3439 561 3469 Eleae
576 3443 604 3468 in
619 3441 714 3475 Regem
728 3440 922 3475 Romanorum,

230 3482 334 3509 Notum
349 3481 429 3510 ivitur
443 3479 561 3509 facimus
575 3477 655 3515 quod
670 3487 739 3512 nos,
756 3476 952 3512 obtemperare
964 3475 997 3505 &
1013 3475 1128 3515 obsequi
1143 3476 1245 3506 volen-

193 3528 235 3549 tes
257 3518 344 3547 dictae
359 3502 512 3555 rPetit'ioni,
536 3516 689 3558 Voluirrius
711 3516 743 3544 &
766 3514 982 3556 ConcesfimuS,
1002 3513 1196 3557 volumusque
1210 3515 1244 3544 &

197 3556 397 3587 Conceoimus
417 3556 527 3586 dictum
549 3556 775 3594 Transumptum,
800 3554 850 3583 iub
872 3552 963 3582 forma
984 3552 1136 3590 praedicta,
1162 3561 1244 3593 expe-

196 3594 333 3626 diendum
349 3592 405 3622 esse
413 3615 424 3630 ,

566 3681 647 3720 Cujus
660 3684 747 3712 Tenor
758 3682 894 3723 Sequitur.

232 3760 343 3791 carolus
351 3785 359 3798 ,
378 3759 487 3791 Divina
507 3759 618 3792 favente
640 3761 818 3801 Clementis,
845 3761 955 3792 Electus
978 3764 1159 3792 Romanorum
1182 3758 1246 3791 IM-

197 3808 216 3831 Ρ
228 3809 244 3829 t:
255 3809 273 3829 R
288 3810 306 3828 A
317 3808 339 3829 τ
350 3810 370 3829 o
381 3808 404 3829 R
423 3798 529 3835 semper
551 3799 705 3838 Augustus,
733 3801 762 3831 R
772 3810 790 3831 E
801 3811 818 3831 x
841 3804 1010 3838 Germaniae,
1033 3803 1227 3839 Hispaniarum
1236 3823 1246 3838 ,

196 3838 332 3876 rariusque
347 3836 461 3875 Ciciliae,
478 3835 669 3876 Jlrertdalcrri,
687 3839 787 3877 Infidae
802 3839 966 3878 Balearum,
982 3838 1136 3878 Inficlarum
1151 3842 1244 3868 cana-

193 3881 244 3906 riae
260 3875 296 3908 dm
313 3876 470 3914 Irrdtarum,
489 3885 520 3903 ac
535 3878 622 3904 Terrae
636 3879 736 3906 Ferma-
757 3882 849 3907 Maris
874 3881 1002 3914 occeani,
1022 3877 1081 3908 AR
1091 3887 1107 3907 c
1116 3885 1158 3906 HI
1167 3885 1188 3907 D
1197 3885 1219 3906 U
1228 3885 1245 3906 x

195 3913 318 3951 Austriae
329 3935 337 3948 ,
357 3913 417 3943 DU
429 3923 446 3943 x
467 3914 649 3951 Burgundiae,
667 3915 846 3954 Brabantiae,
865 3913 1159 3953 lVirtembergiae,&t.
1178 3915 1245 3946 Co-

193 3960 221 3982 Μ
231 3960 248 3981 iz
262 3960 273 3981 s
289 3950 440 3989 Flann'riae,
459 3950 555 3980 Tirolis
564 3973 572 3988 ,
589 3951 612 3981 P
622 3961 641 3980 A
650 3961 670 3981 L
681 3963 699 3981 A
709 3963 732 3982 T
742 3963 751 3982 r
765 3963 785 3982 Ν
795 3962 817 3983 u
827 3964 838 3983 s
856 3954 1029 3991 Burgundiae,
1037 3953 1096 3988 &c.
1116 3953 1140 3983 P
1149 3962 1172 3983 R
1183 3962 1195 3983 r
1205 3961 1245 3983 N-

191 3999 286 4029 cEPs
305 3991 451 4029 Zweviae,
469 3989 529 4030 &a
547 3989 633 4022 LAN
646 3998 793 4023 TGRAv
806 4001 871 4024 lUs
889 3992 1021 4031 Affatiae,
1037 3991 1098 4029 &a
1117 3991 1244 4023 MAR-

583 95 621 137 C
655 93 856 136 ()3N'is
895 91 928 134 Ε
964 89 1087 133 bJ'T
1124 88 1144 131 I
1180 84 1304 129 c›1ff
1342 83 1374 124 E
1411 83 1476 137 Sp,
1532 83 1565 125 L
1604 83 1699 126 I‘T
1735 84 1770 128 E
1809 82 1852 126 Ιὶ
1890 85 1969 139 AE,

1088 176 1236 212 Principes
1274 180 1325 214 qn
1337 180 1348 200 1
1357 181 1377 201 ο
1397 173 1561 210 Bargouiae,
1580 171 1611 201 D
1622 182 1642 202 o
1651 180 1679 203 M
1688 181 1701 202 1
1711 182 1734 204 N
1745 181 1788 203 us
1805 178 1835 205 in
1849 174 1921 214 Afia
1933 169 2083 212 &Africa
2091 193 2101 211 ‚
2118 170 2252 204 universis
2266 179 2339 210 prae-
2358 156 2434 189 Am·
2450 156 2491 189 D-

1281 214 1368 241 rentes
1385 209 1504 240 Litteras
1519 210 1698 249 inspecturis,
1712 211 1848 244 Salutem.

1323 248 1428 276 Notum
1429 248 1549 287 facimus
1562 250 1642 287 quod
1651 273 1662 288 ,

1313 286 1405 330 ‘Cum
1424 287 1496 317 inter
1511 287 1644 318 Oratores
1658 288 1768 320 nostros
1783 300 1817 320 ex
1829 300 1902 329 una,
1919 290 1951 321 &
1967 289 2104 320 Oratores
2119 287 2262 321 Casiffimi
2273 286 2342 317 Fra-

1285 330 1332 355 tris
1349 324 1436 354 nostri
1451 328 1584 366 Francisci
1596 329 1760 357 Francorum
1780 331 1858 366 Regis
1881 337 1916 358 ex
1940 329 1992 358 alia
2011 328 2157 366 Partibus,
2172 328 2242 359 certi
2264 326 2342 356 Arti-

1286 363 1342 393 cuii
1357 362 1457 407 fuerint
1473 365 1636 395 concordati
1651 365 1830 410 Beneplacito
1852 366 1949 396 nostro
1970 367 2003 397 ὃς
2026 367 2096 396 dieti
2119 369 2196 405 Regis
2216 366 2341 396 Franciae

1287 401 1413 431 reservati
1435 403 1640 434 interveniente
1664 403 1815 435 Carissimo
1835 415 1867 435 ac
1891 404 2082 434 Dileffiffimo
2110 405 2220 436 Amico
2241 403 2341 434 nostro

1287 439 1408 478 Thoma,
1426 440 1609 472 Miseratione
1624 441 1752 481 Divina,
1769 445 1854 474 Tituli
1877 445 1985 473 Sanciae
2006 442 2108 472 Ceciliae
2129 451 2208 472 trans
2225 443 2342 472 Tiberim

1285 479 1394 520 Sam‘laee
1407 481 1537 509 Romanae
1549 479 1673 521 Ecclefiae
1686 481 1842 521 Presbytero
1857 480 2000 511 cardinali
2013 481 2238 520 Archiep'iscopo
2259 480 2342 511 Ebo-

1285 520 1405 554 racenli,
1425 518 1457 548 &
1475 517 1647 548 San&iffimi
1661 518 1787 550 Domini
1801 520 1887 550 nostri
1901 522 2000 550 Leonis
2014 520 2095 557 Papae
2115 521 2220 549 Decimi
2242 519 2274 550 &
2290 518 2344 550 Se-

1289 555 1331 584 dis
1345 555 1524 599 Apostolicae
1539 567 1554 587 a
1572 557 1674 588 Latere
1689 558 1798 597 Legato
1812 559 1844 589 δι
1860 558 1958 596 Regni
1973 557 2088 595 Angliae
2112 556 2288 588 Cancellario
2306 558 2342 589 δε

1286 593 1617 629 SereniffimiCariffimi
1629 597 1662 628 &
1681 595 1863 628 Diiefflffini
1879 597 1982 628 Fratris
2001 595 2146 628 Avunculi
2159 597 2193 627 ὃ(
2213 595 2345 633 Consane

1283 633 1379 671 guinei
1393 633 1481 664 nostri
1491 637 1572 672 Regis
1589 632 1701 673 Angliae
1718 634 1964 674 Locumtenente‚

1516 712 1641 752 ¹§Quorum
1663 711 1854 742 Articulorum
1874 715 1961 743 Tenor
1975 712 2119 754 ftquitur‚

1323 785 1405 817 Cum
1428 797 1533 828 nuper,
1558 790 1630 820 inter
1643 789 1860 821 Potentiffimos
1881 790 2046 828 Principes,
2067 787 2192 820 Carolum
2209 790 2348 819 Romanox

1288 835 1347 854 rum
1370 828 1560 864 Imperatorem
1575 829 1700 858 Eleci‘um
1711 852 1720 866 ,
1737 828 1797 863 &c.
1823 830 1855 861 &
1877 829 2047 868 Francistum
2069 832 2234 859 Francorum
2247 830 2345 865 Regem

1289 863 1579 904 Christianiffimum,
1598 866 1708 897 Bellum
1723 869 1823 904 ingens
1838 867 1871 897 &
1885 867 2012 906 asperum
2026 868 2174 898 subortum
2193 867 2239 903 sit,

1324 902 1450 934 Ratione
1475 905 1555 946 cujus
1572 907 1632 935 tam
1652 905 1743 937 Terra
1768 906 1853 944 quarn
1873 906 1951 936 Mari
1966 907 2123 944 frequentes
2146 904 2344 943 Depraedatio-

1287 951 1336 971 nes
1356 941 1388 971 &
1406 941 1582 974 Incurliones
1599 944 1727 983 utrinque
1747 944 1830 974 faGtae
1846 944 1967 982 fuerint,
1991 946 2021 974 in
2040 943 2178 981 utriusque
2204 942 2345 980 Principis

1285 978 1481 1049 1⁰1¹1³⁰⁶ffi¹⁰m
1505 981 1689 1012 subditorum
1717 992 1802 1022 grave
1827 981 2042 1014 Detrimentum
2059 983 2093 1014 &
2111 982 2283 1019 Dampnutn
2300 982 2346 1011 in-

1285 1026 1316 1048 to
1336 1029 1381 1048 era
1403 1029 1456 1057 ie,

1326 1056 1464 1096 Cumque
1488 1060 1571 1089 etiam
1598 1059 1836 1097 inpraesentiarum
1860 1057 1989 1090 Piscandi
2005 1070 2056 1098 pro
2080 1058 2217 1090 Alecibus
2237 1066 2348 1095 tempus

1287 1105 1464 1134 oportunum
1483 1097 1515 1128 ὃ(
1532 1108 1629 1137 aptum
1648 1098 1750 1137 instet,
1775 1099 1808 1129 &
1827 1107 1941 1136 propter
1960 1098 2110 1129 Maritima
2132 1097 2205 1128 Bella
2227 1097 2260 1128 &
2279 1096 2344 1127 De-

1286 1134 1472 1173 praedationes
1497 1141 1627 1174 utrinque
1650 1137 1790 1167 Piscatura
1815 1136 1949 1168 cessatura
1975 1138 2125 1174 videatur,
2159 1135 2344 1167 Piscatoribus

1285 1173 1359 1217 ipsis¹
1372 1173 1424 1205 sese
1450 1174 1529 1205 Mari
1555 1176 1755 1214 committere,
1768 1176 1829 1214 jam
1849 1177 1885 1206 ab
1907 1175 2044 1207 Hostibus
2067 1175 2196 1214 obieffo,
2211 1183 2273 1205 non
2293 1183 2343 1205 au-

1283 1212 1428 1250 dentibus,

1323 1251 1395 1290 Quo
1418 1251 1448 1282 fit
1471 1260 1501 1283 ut
1524 1251 1673 1283 Piscaturae
1699 1252 1921 1292 Commoditas,
1953 1253 1988 1284 ad
2012 1252 2173 1291 Pauperum
2194 1251 2343 1283 levandam

1284 1289 1404 1320 Famem
1420 1301 1433 1320 a
1449 1291 1559 1333 coelesti
1578 1292 1596 1310 ⁴¹
1618 1291 1752 1322 Numine
1765 1292 1913 1330 conceffa,
1932 1291 2036 1323 cessare
2055 1292 2112 1322 hoc
2136 1293 2224 1322 Anno
2246 1292 2343 1322 omni-

1283 1330 1326 1359 no
1341 1329 1458 1367 debeat,
1475 1331 1525 1360 nili
1541 1330 1616 1360 aliter
1633 1331 1829 1369 provideatur,

1290 1406 1295 1410 ”
1317 1366 1434 1398 Idcirco
1449 1368 1596 1398 dictorum
1611 1368 1874 1400 Potentiffimorum
1895 1369 2065 1409 Principum
2085 1369 2237 1407 Oratores,
2263 1378 2340 1401 nunc

1288 1415 1316 1435 m
1334 1405 1453 1444 Oppido
1471 1406 1602 1445 Calisiae,
1619 1408 1730 1438 hortatu
1747 1407 1922 1439 Illustrisfimi
1944 1411 2019 1445 Regis
2039 1407 2168 1446 Angliae,
2193 1407 2228 1438 ad
2245 1405 2342 1438 Com—

1283 1445 1425 1482 ponendas
1447 1444 1607 1476 Discordias
1634 1449 1802 1483 congregati
1815 1466 1825 1484 -,
1851 1448 2095 1484 contemplatione
2114 1446 2238 1484 ejusdem
2259 1449 2342 1485 Regis

1282 1482 1396 1521 Angliae
1408 1506 1418 1521 ,
1438 1485 1471 1516 &
1487 1483 1650 1516 Interventu
1666 1485 1904 1516 Reverendiffimi
1921 1487 1948 1515 in
1965 1485 2081 1516 Christo
2102 1485 2193 1515 Patris
2215 1483 2344 1524 Thomae,

1284 1521 1468 1553 Miseratione
1492 1523 1620 1561 Divina,
1643 1524 1730 1553 Tituli
1753 1525 1861 1554 Sanl‘t‘ae
1887 1524 1986 1554 Ceciliae
2007 1533 2086 1553 tram·
2101 1524 2219 1553 Tiberim
2233 1525 2344 1554 Sanllae

1282 1563 1413 1591 Romanae
1437 1561 1561 1601 Ecclestae
1586 1563 1739 1602 Presbyteri
1755 1563 1912 1593 CardinaLs
1932 1562 2113 1593 Eboracensis
2128 1562 2345 1600 Archiepiscopi

1283 1600 1315 1630 &
1333 1599 1502 1630 Sanetiffimi
1518 1600 1641 1630 Domini
1653 1601 1741 1632 nostri
1758 1605 1856 1631 Leonis
1878 1604 1959 1640 Papae
1982 1604 2086 1632 Decimi
2106 1602 2139 1632 ὃ(
2161 1601 2241 1631 Sedis
2260 1601 2344 1641 Apo-

1283 1638 1390 1668 stolicae
1411 1639 1446 1668 de
1468 1639 1570 1669 Latere
1593 1639 1695 1676 Legati
1716 1640 1749 1671 &
1771 1640 1867 1680 Regni
1888 1640 2001 1677 Angliae
2022 1639 2192 1670 Cancellarii
2211 1640 2244 1671 &
2266 1650 2342 1678 prae-

1281 1676 1330 1706 fati
1357 1680 1435 1714 Regis
1458 1677 1572 1715 Angliae
1599 1678 1834 1710 Laicumtenentis
1852 1702 1862 1718 ,
1900 1677 2112 1710 Inter-veniente
2140 1680 2225 1709 etiam
2254 1679 2343 1710 Nun-

1283 1716 1330 1745 cio
1355 1715 1513 1755 san3ff71¹i
1537 1719 1645 1747 Domini
1671 1716 1754 1756 nostri
1770 1741 1778 1755 ,
1817 1717 1851 1748 ad
1870 1716 2091 1748 Occurrendum
2111 1716 2196 1747 Malis
2220 1716 2344 1756 supradi-

1283 1754 1336 1782 ctis
1352 1754 1384 1784 &
1403 1755 1437 1784 ad
1458 1754 1643 1792 Asperitatem
1667 1755 1806 1793 praesentis
1836 1755 1902 1785 Belli
1928 1755 2117 1787 Molliendam
2136 1779 2146 1794 ,
2185 1755 2343 1787 Convene-

1280 1800 1345 1835 runt
1364 1815 1373 1829 ,
1410 1792 1633 1824 Ooncordarunt
1647 1816 1658 1832 ,
1694 1794 1726 1825 ὃς
1757 1793 1964 1826 Concluserunt
1996 1795 2161 1826 articulatim
2185 1804 2271 1833 prout
2301 1794 2343 1826 se-

1279 1839 1383 1870 quitur.

1318 1907 1364 1939 IN
1375 1918 1393 1939 Ρ
1404 1917 1544 1948 RIMIS,
1567 1909 1757 1942 Conventum
1774 1910 1807 1942 ὅ(
1824 1909 2001 1942 Conclusam
2017 1909 2059 1942 est
2083 1909 2161 1949 quod
2184 1910 2285 1942 subditi
2308 1921 2345 1943 u-

1283 1948 1406 1986 triusque
1422 1948 1564 1986 Principis
1579 1950 1638 1979 tam
1653 1949 1743 1979 Caroli
1762 1953 1942 1980 Romanorum
1957 1953 2134 1990 Imperatoris
2150 1949 2240 1979 Elec‘i'i
2252 1951 2341 1988 quarn

1282 1988 1417 2026 Francisci
1441 1991 1603 2018 Francorum
1622 1991 1699 2026 Regis
1725 1988 1951 2019 Christianiffimi
1970 1991 1999 2018 in
2021 1987 2099 2019 Mari
2123 1989 2262 2018 Piscantes
2293 1997 2341 2020 aut

1280 2023 1468 2056 Piscationem
1485 2036 1664 2065 exercentes,
1681 2027 1782 2065 absque
1794 2026 1886 2065 aliquit
1900 2027 2078 2064 Iricurlione,
2098 2026 2321 2064 Depraedatione

1282 2062 1501 2102 Molestatione,
1529 2064 1702 2104 Vexatione,
1727 2075 1772 2096 aut
1795 2065 2007 2103 impedimento
2029 2075 2201 2103 quocunque
2215 2065 2283 2096 hinc
2305 2077 2319 2096 a

1279 2102 1312 2132 &
1329 2112 1377 2140 per
1393 2111 1489 2133 totum
1504 2102 1637 2134 Mensem
1649 2103 1772 2142 Januarii
1788 2105 1920 2141 proxime
1941 2113 2093 2135 venturum
2116 2105 2176 2134 tute
2196 2105 2229 2135 &
2251 2105 2341 2136 liberi:

1280 2141 1384 2179 ubique
1399 2141 1429 2171 in
1444 2141 1521 2172 Mari
1536 2142 1632 2180 piscari
1646 2142 1748 2173 Aleces
1767 2143 1800 2173 ἅ
1816 2152 1905 2173 omne
1920 2151 2006 2181 gentis
2023 2141 2144 2173 Piscium
2158 2151 2259 2180 capere
2276 2153 2343 2180 pos-

1282 2179 1333 2209 sint
1349 2180 1381 2209 &
1397 2179 1524 2218 valeant,
1544 2180 1642 2216 Bello,
1662 2190 1692 2211 ut
1707 2181 1870 2219 praefertur,
1889 2182 1959 2212 inter
1977 2181 2093 2212 eosdem
2110 2179 2254 2219 Principes
2267 2181 2343 2213 Ter-

1281 2216 1311 2248 rei
1336 2220 1369 2249 &
1397 2216 1472 2248 Mari
1493 2228 1592 2250 exorto
1614 2229 1673 2250 non
1695 2219 1842 2251 obstante:
1871 2219 1911 2250 Ita
1941 2220 2020 2258 quod
2043 2221 2168 2250 neutrius
2195 2220 2341 2251 dictorum

1281 2256 1448 2294 Principum
1465 2256 1577 2289 Subditi
1594 2257 1697 2288 eisdem
1714 2258 1899 2289 piscatoribus
1921 2268 1966 2288 aut
1987 2258 2179 2288 piscationem
2205 2267 2340 2288 exercen-

1282 2296 1356 2325 tibus
1380 2303 1427 2325 aut
1449 2305 1550 2326 eorum
1571 2295 1723 2332 Navibus,
1749 2295 1941 2334 victualibus,
1969 2295 2178 2332 Armamentis,
2199 2295 2339 2335 Retibus,

1281 2334 1315 2364 δε
1336 2332 1477 2372 Piscibus,
1501 2342 1547 2364 aut
1575 2333 1633 2363 aliis
1647 2343 1746 2364 eorum
1765 2334 1846 2364 bonis
1864 2333 2072 2372 quibuscunque
2092 2333 2128 2364 ad
2145 2333 2338 2365 Piscationem

1281 2371 1337 2401 sine
1351 2371 1446 2402 fraude
1460 2372 1676 2409 pertinentibus,
1695 2372 1774 2402 dieto
1789 2381 1920 2410 ternpore
1932 2373 2061 2410 durante,
2079 2373 2203 2410 aliquam
2217 2372 2341 2411 Deprae-

1280 2409 1446 2448 dationem,
1472 2410 1560 2448 Vim,
1586 2410 1758 2441 Violentiam
1801 2410 2054 2449 Molestationem,
2079 2419 2124 2441 aut
2144 2410 2340 2443 Vexationem

1287 2450 1391 2486 quovis
1413 2448 1504 2478 modo
1527 2449 1645 2480 inferant
1665 2458 1711 2479 aut
1730 2434 1831 2479 inserte
1845 2458 1984 2487 temptent
1999 2449 2043 2480 vel
2065 2450 2249 2490 praesumant,
2268 2450 2342 2482 Etsi

1305 2486 1353 2517 uid
1369 2488 1399 2516 in
1413 2489 1587 2517 contrarium
1604 2497 1652 2527 per
1668 2487 1789 2527 aliquem
1803 2488 1911 2518 alterius
1925 2488 2070 2519 dierorum
2089 2488 2257 2527 Principum
2274 2490 2339 2520 sub-

1281 2497 1374 2556 ditum
1391 2525 1498 2556 Atfi’tum
1512 2525 1637 2556 Gesturn
1657 2526 1703 2556 vel
1718 2527 1926 2564 Attemptatum
1945 2527 2045 2565 suerit,
2063 2527 2254 2566 cujuscunque
2274 2528 2339 2559 Sta-

1282 2563 1328 2594 tus
1341 2563 1455 2594 Gradus
1465 2572 1513 2594 aut
1528 2563 1712 2595 Conditionis
1728 2565 1864 2603 exrirerit,
1883 2564 1933 2595 Ille
1948 2565 1985 2595 sic
2008 2566 2241 2605 contraveniens,
2259 2566 2339 2605 post-'

1282 2613 1367 2642 quarn
1379 2603 1415 2633 de
1432 2602 1509 2633 dicia
1523 2602 1744 2640 Depraedatione
1780 2603 1834 2641 Vi,
1854 2604 2009 2642 violentia,
2035 2603 2257 2644 Molestatione,
2280 2605 2339 2636 Ve-

1282 2643 1412 2680 xatione,
1436 2639 1665 2684 Impedimento,
1691 2643 1723 2673 &
1749 2627 1901 2684 DampnO,
1926 2641 2105 2673 Cancellario
2127 2642 2172 2673 seu
2197 2642 2339 2676 Concilio

1283 2680 1439 2718 Principis,
1456 2690 1536 2717 cujus
1549 2681 1627 2711 fuerit
1643 2679 1703 2710 talis
1719 2679 1820 2710 Praedo
1842 2680 1982 2719 iubditus,
1997 2680 2042 2711 seu
2063 2679 2219 2712 officiariis
2236 2683 2270 2714 &
2284 2682 2338 2721 Ju-

1283 2720 1393 2749 dicibus
1415 2719 1571 2749 Ordinariis
1590 2719 1648 2756 ejus
1670 2719 1745 2748 Loci
1755 2742 1771 2762 ,q
1781 2718 2067 2787 cujus‘gurisdidtioni
2085 2719 2263 2760 subjicietur,
2287 2731 2338 2766 per

1281 2758 1478 2797 juramentum
1508 2756 1675 2795 Dampnum
1706 2758 1772 2795 passi
1804 2768 1861 2788 con
1890 2759 1960 2788 iterit
1977 2781 1988 2796 ,
2014 2759 2153 2788 tenebitur
2175 2759 2340 2790 immediate

1283 2807 1370 2827 omne
1388 2797 1556 2836 Dampnum
1572 2797 1604 2827 &
1619 2795 1750 2826 Interesse
1766 2796 1868 2833 absque
1879 2797 1963 2826 omni
1977 2795 2092 2836 strepitu
2109 2796 2142 2826 &
2156 2795 2246 2833 figura
2255 2797 2339 2836 Judi-

1283 2836 1322 2865 cii
1335 2835 1408 2866 Parti
1422 2836 1490 2865 laesae
1506 2834 1663 2872 restituere,
1681 2834 1794 2865 ulterius
1809 2835 1937 2865 Arbitrio
1950 2834 2075 2872 ejusdem
2099 2832 2270 2866 Cancellarii
2291 2836 2338 2867 seu

1281 2873 1480 2943 &Senem-aug
1488 2873 1627 2911 judicum
1642 2872 1845 2904 ordinariorum
1861 2872 2043 2913 corporaliter
2063 2882 2116 2910 pro
2131 2873 2259 2912 qualitate
2275 2873 2338 2906 De-

1293 2923 1342 2943 ici
1379 2923 1462 2943 umen
1485 2922 1523 2942 us.

1316 2923 1445 2988 ITPEM,
1470 2950 1659 2982 Conventum
1680 2951 1713 2982 δε
1735 2950 1913 2982 Conclusum
1929 2948 1970 2980 est
1985 2950 2064 2989 quod
2086 2951 2208 2982 neutrius
2229 2949 2341 2983 Princi-

1280 3000 1350 3028 pum
1364 2990 1568 3028 praedictorum
1585 2990 1695 3020 Gentes
1710 2989 1867 3020 Armorum
1885 2989 1996 3019 Pedites
2010 2990 2055 3020 vel
2071 2989 2188 3027 Equites
2203 2999 2251 3021 aut
2263 2990 2339 3022 Sub-

1279 3028 1330 3059 diti
1347 3031 1525 3067 quicunque,
1543 3029 1734 3067 cujuscunque
1756 3027 1850 3058 Status
1871 3026 1987 3058 Gradus
2006 3037 2052 3058 aut
2073 3027 2257 3059 Conditionis
2279 3031 2338 3060 exi-

1279 3066 1367 3106 stant,
1387 3067 1579 3105 Incurfioues,
1605 3066 1653 3097 De
1675 3067 1857 3104 raedationes,
1883 3064 2035 3104 Incendia,
2060 3065 2204 3106 RapinaS,
2222 3076 2269 3098 aut
2285 3068 2337 3099 ali-

1278 3116 1364 3144 quam
1380 3105 1554 3137 Violentiam
1569 3106 1614 3136 seu
1660 3106 1702 3134 im
1717 3103 1860 3134 Hostilem
1876 3104 1968 3135 facere
1978 3127 1987 3142 ,
2004 3104 2115 3136 Pecora
2139 3105 2250 3144 abigere
2287 3115 2335 3139 aut

1278 3144 1418 3175 Homines
1435 3146 1577 3182 captivare
1590 3143 1690 3180 possint
1707 3144 1739 3174 &
1754 3143 1861 3173 valeant
1877 3144 1948 3174 intra
1962 3142 2095 3182 Limites,
2122 3143 2221 3181 Fines,
2267 3147 2336 3176 erri-

1278 3185 1366 3220 toria,
1391 3185 1423 3215 &
1442 3182 1652 3221 jurisdictiones
1671 3183 1748 3217 Regis
1771 3182 1884 3218 Angliae
1906 3183 1974 3212 citra
1997 3181 2082 3212 Mare
2096 3181 2258 3221 existentia,
2277 3193 2334 3215 nec

1278 3221 1417 3252 Vidiualia
1431 3222 1595 3260 intercipere
1609 3229 1654 3250 aut
1670 3219 1859 3251 Commeatus
1870 3220 1903 3251 ad
1920 3219 2069 3257 Oppidum
2093 3220 2204 3251 Calisiae
2225 3221 2336 3253 deferre

1283 3260 1411 3290 volentes
1425 3259 1574 3297 prohibere
1588 3259 1633 3289 seu
1648 3257 1782 3296 spoliate,
1799 3267 1845 3289 aut
1860 3259 1900 3289 eis
1922 3257 2090 3289 Molestiam
2109 3260 2231 3298 aliquam
2251 3260 2339 3291 infer-

1278 3308 1325 3367 τέ,
1349 3298 1552 3328 Commeantes
1571 3298 1755 3335 intercipere,
1773 3298 1934 3335 captivare,
1958 3306 2005 3328 aut
2021 3298 2121 3336 quovis
2141 3298 2231 3329 modo
2245 3299 2338 3330 mole—

1309 3347 1353 3366 ire

1316 3374 1360 3404 IT
1372 3383 1389 3406 Ε
1400 3382 1445 3412 M,
1465 3373 1653 3404 Conventum
1670 3374 1704 3404 δε
1721 3372 1899 3404 Conclusum
1916 3373 1956 3404 est
1972 3374 2069 3413 quod,
2085 3374 2166 3406 dicto
2187 3374 2266 3406 Bello
2280 3374 2336 3405 du-

1277 3422 1372 3451 rante,
1397 3413 1487 3443 nullus
1514 3412 1646 3443 Subditus
1670 3413 1839 3450 Principum
1864 3413 2069 3450 praedictorum
2087 3415 2160 3444 intra
2183 3413 2282 3444 Portus
2300 3414 2334 3445 &

1278 3452 1360 3482 Sinus
1379 3450 1470 3482 Maris
1485 3451 1683 3490 quoscunque,
1703 3451 1849 3488 Flumina,
1867 3450 1969 3482 Hostia
1985 3452 2168 3489 Fluminum,
2186 3450 2333 3490 Gurgites,

1280 3492 1375 3528 Aquas
1392 3490 1504 3527 dulces,
1521 3489 1661 3521 Stationes
1681 3489 1828 3527 Navium,
1842 3490 1874 3520 &
1893 3490 2044 3529 praesertim
2060 3489 2216 3520 Stationem
2235 3489 2336 3526 vulga-

1281 3530 1346 3559 riter
1361 3537 1496 3559 vocatam
1512 3527 1549 3558 les
1563 3528 1690 3565 Dubnes,
1707 3536 1755 3558 aut
1771 3529 1820 3558 alia
1837 3527 1916 3559 Loca
1932 3528 2080 3559 Maritima
2094 3535 2271 3564 quaecunque
2281 3528 2336 3566 Ju-

1280 3567 1435 3597 risdiffioni
1457 3569 1533 3604 Regis
1554 3566 1667 3603 Angliae
1685 3566 1824 3605 subjefta,
1841 3567 1962 3605 aliquam
1985 3565 2102 3596 Navem
2126 3563 2333 3597 Mercator-iam

1281 3605 1450 3635 Onerariam
1472 3609 1622 3636 Armatam
1644 3605 1688 3635 vel
1709 3614 1768 3635 non
1788 3606 1937 3635 Armatam
1958 3603 2100 3634 Onustam
2121 3603 2166 3633 vel
2187 3603 2335 3644 Vacuam,

1281 3644 1470 3681 cujuscunque
1487 3644 1660 3683 Qiantitatis
1674 3652 1722 3673 aut
1734 3645 1826 3674 oneris
1841 3644 1943 3681 fuerit,
1964 3644 2000 3672 de
2014 3650 2181 3680 quacunque
2203 3641 2335 3675 Natione

1281 3682 1382 3712 eadem
1405 3682 1499 3712 Navis
1519 3683 1659 3720 eittiterit,
1681 3690 1796 3719 capere,
1818 3681 1953 3720 spoliare,
1978 3679 2119 3722 deripere,
2145 3678 2191 3710 seu
2203 3679 2337 3722 Merces,

1281 3719 1379 3757 Bona,
1397 3719 1552 3758 victualia,
1570 3729 1616 3751 aut
1632 3723 1817 3751 Armamenta
1831 3727 1952 3756 quaecun
1974 3726 2007 3748 ue
2021 3719 2056 3747 ab
2076 3716 2180 3760 eildem
2202 3718 2336 3751 Navibus

1280 3768 1327 3788 aut
1340 3758 1491 3788 earundem
1508 3758 1611 3789 Nautis
1626 3758 1749 3795 auferre,
1767 3767 1821 3788 nec
1844 3756 1946 3787 eisdem
1997 3757 2053 3792 im,
2070 3754 2262 3796 Violentiam,
2287 3767 2337 3791 aut

1281 3796 1514 3827 Molestationem
1530 3798 1650 3836 aliquam
1667 3796 1768 3826 inferre
1782 3794 1866 3834 poffit
1878 3803 1925 3825 aut
1946 3793 2063 3830 debeat,
2087 3792 2133 3823 sed
2171 3795 2228 3825 uod
2253 3797 2338 3829 liceat

1280 3834 1416 3865 Navibus
1435 3835 1467 3865 ὃς
1491 3833 1598 3865 Nautis
1620 3833 1844 3875 quibuscumque
1864 3833 1936 3863 intra
1963 3832 2046 3862 Loca
2069 3829 2146 3869 supra
2168 3833 2224 3864 icta
2249 3834 2338 3867 libere

1280 3875 1339 3903 tute
1353 3874 1387 3904 &
1400 3872 1495 3903 secure
1515 3874 1621 3903 morari
1639 3882 1752 3903 manere
1765 3872 1798 3903 &
1813 3870 1848 3900 ad
1864 3870 2031 3900 Anchoram
2053 3868 2142 3908 stare,
2159 3872 2262 3910 absque
2285 3884 2339 3905 cu-

1276 3911 1445 3950 juscumque
1457 3912 1566 3941 alterius
1582 3910 1676 3941 Navis
1691 3911 1815 3941 Atmarae
1829 3908 1873 3939 seu
1889 3917 1950 3938 non
1965 3909 2089 3952 ’Armaqae
2105 3909 2247 3941 dictorum
2255 3911 2338 3942 Prin.

1280 3952 1379 3987 cipum
1399 3958 1445 3981 aut
1465 3950 1583 3987 aiicujus
1604 3950 1775 3982 eorumdem
1795 3945 1922 3979 Subditae
1943 3944 2078 3978 violentia
2093 3947 2275 3981 infestatione
2289 3949 2339 3981 seu

1281 3987 1425 4021 molestifi.

1300 4040 1302 4042 v
2222 4024 2352 4068 Iram,

2379 205 2466 232 1521.

2360 240 2425 264 Hen.
2445 235 2474 263 8.

2363 1296 2383 1317 ³¹²
2410 1297 2496 1327 xm:

2403 1344 2468 1373 753-
