2542 4274
522 85 1324 134 CONVENTIONEs,
1392 82 1782 136 LITERAE,

1234 170 1279 201 vel
1291 178 1394 199 eorum
1408 169 1527 199 alterum
1543 169 1649 206 Regna
1665 169 1722 200 five
1736 168 1876 200 Dominia
1892 178 1990 200 eorum
2007 176 2053 200 aut
2068 176 2167 199 eorum
2182 167 2293 199 alterius
2310 166 2386 198 Ann.
2400 166 2444 199 D.

1234 207 1445 239 molestaverint
1459 207 1505 238 vel
1529 207 1734 246 molestaverit,
1755 210 1932 247 gravaverint
1953 208 1997 239 vel
2021 209 2188 246 gravaverit,
2216 207 2292 238 laese-
2330 213 2415 246 1534.

1237 247 1294 277 rint
1309 245 1354 276 vel
1376 245 1491 283 laeserit,
2313 250 2377 274 Han.
2397 244 2423 273 3.

135 115 211 144 212

0 187 66 217 Ann-
81 183 125 214 D·
139 197 206 218 cum
223 184 333 223 Magno
346 179 514 210 Hominum
530 178 681 216 Numero,
701 177 780 208 Fines
793 176 929 221 hincinde
946 175 1143 220 Marchiarum
1156 173 1197 202 in-

24 232 107 261 1534·
138 224 234 264 grcffi,
255 223 380 252 Arbores
395 218 493 248 alienas
507 217 634 257 caedere,
651 218 685 248 &
699 217 734 247 ad
750 215 831 246 usum
852 214 1057 246 AEdificiorum
1079 212 1196 242 suorum

0 267 57 291 Hw-
74 263 100 290 3-
140 264 246 295 auferre
263 258 465 289 consueverant
479 256 616 286 Dominis
632 256 726 286 invitis
744 256 778 287 &
800 255 922 284 minime
945 250 1202 285 consentientibus,

2 2217 112 2244 *XlV.

1 2264 68 2293 534·

142 310 208 340 quae
224 307 324 336 magna
337 297 412 326 inter
430 295 512 325 Fines
531 294 716 325 simultatum
741 293 960 324 Discordiarum
981 300 1013 320 ac
1034 290 1199 328 jurgiorum

144 339 257 370 materia
271 336 341 374 fuit,
359 333 478 372 proinde
490 333 524 365 ad
541 343 662 363 omnem
679 331 881 364 Contentionis
904 329 1084 359 occasionem
1094 335 1199 373 xremo-

143 376 285 412 vendam,
303 373 495 404 Conventum
507 371 727 403 Concordatum
742 371 774 400 &
790 367 968 410 Conclusum
985 365 1025 397 est
1051 364 1130 409 quod
1151 363 1200 393 de-

142 417 239 451 inceps
254 412 363 444 Nullus
380 411 514 442 Subditus
529 410 673 440 dic‘torum
689 408 825 445 Regum,
845 406 901 436 five
922 415 951 434 m
973 404 1111 448 Marchns
1129 410 1200 439 prae-

142 454 224 484 dietis
238 460 283 482 aut
298 452 328 481 in
344 450 368 480 le
383 449 538 480 Debatable
553 447 667 478 Ground
678 454 880 481 commorans,
897 451 945 474 aut
964 442 1032 486 alibi
1050 442 1201 483 Locorum

142 493 323 529 ubicunque,
343 489 408 519 talia
426 496 473 518 aut
487 487 585 518 fimilia
602 486 765 516 committet
779 491 825 513 aut
841 482 1012 525 perpetrabit
1026 502 1036 517 ,
1064 485 1203 510 commit-

142 532 201 561 tive
217 538 263 559 aut
276 527 426 567 perpetrari
443 526 600 558 consentiet
610 533 679 561 ,nec
694 522 758 553 ullas
771 521 951 565 Arboresaut
967 519 1060 562 Ligna
1067 526 1202 558 quaecun-

143 578 197 606 que
210 577 244 598 ex
259 566 401 598 Marchiis
415 565 522 596 alterius
538 563 675 600 Principis
690 559 881 598 quovismodo
895 567 943 589 aut
965 567 1067 595 quovis
1086 554 1203 594 quaefito

145 607 244 637 colore
257 605 379 642 auferet,
396 613 442 634 aut
457 604 485 633 in
501 602 550 632 illis
571 600 676 636 caedet,
692 598 743 628 nifi
765 599 841 636 prius
862 598 942 635 snper
962 597 1020 627 hoc
1043 603 1112 626 cum
1135 602 1204 624 vero

146 645 282 676 Domino
297 644 395 681 padius
413 643 494 672 fuerit
511 642 544 670 &
559 638 724 669 convenerit
747 635 784 667 de
803 636 931 674 eodem,
955 636 1008 673 δε,
1031 635 1050 664 fi
1072 633 1147 664 secus
1169 632 1202 662 &

145 693 246 714 contra
261 682 407 712 Praemissa
419 678 532 717 aliquod
546 677 653 707 Aetam
669 673 795 705 Gestum
819 682 865 705 aut
889 675 1081 712 Perpetratum
1102 671 1203 717 suerit,

143 731 279 760 tanquam
295 720 501 756 Attemptaturn
515 723 615 745 contra
633 712 771 744 effeffimm
796 713 935 750 praesentis
960 709 1137 742 Contracfms
1154 708 1204 738 de-

145 762 203 791 bite
217 760 430 795 reformabitur,
449 755 606 786 Arboribus
621 752 697 782 caelis
711 760 759 782 aut
775 752 902 782 abdud‘cis
916 751 1039 781 Domini
1053 748 1203 787 Juramen-

146 807 177 830 to
192 797 370 829 aestimandis.
1150 826 1158 833 ἱ

182 837 311 872 ITEM,
340 833 529 864 Conventum
541 827 758 859 Concordatum
779 828 814 869 βε
839 827 1021 858 Conclusum
1045 824 1086 855 est
1107 824 1205 868 quod,

143 875 306 906 durantibus
320 873 393 903 Pace
409 871 441 901 ὃς
456 869 598 899 Amicitiis
614 876 642 897 ut
658 867 835 904 praemissum
848 866 906 903 est,
924 865 1060 895 Castrum
1083 864 1116 894 &
1141 862 1203 893 Vil-

143 915 170 945 la
186 913 303 944 Berwici
317 920 385 941 cum
402 908 520 945 antiquis
536 907 705 942 Limitibus,
723 905 756 935 ὅ(
771 904 961 947 inhabitantes
981 903 1015 934 &
1030 901 1138 932 Incolae
1155 911 1204 931 eo-

145 951 276 983 rumdem
290 949 341 980 sub
356 948 458 978 eisdem
475 946 549 975 Pace
567 945 700 975 Amicitia
715 945 748 974 &
760 943 1018 973 Confoederatione
1041 939 1153 970 stabunt
1170 940 1204 970 &

145 989 351 1029 permanebunt
366 994 432 1016 toto
449 994 578 1023 tempore
594 981 740 1020 praedielO,
760 982 795 1011 ita
808 981 887 1020 quod
902 990 993 1018 neque
1009 977 1205 1010 Sereniffirnus

145 1033 205 1059 Rex
219 1030 331 1064 Scotiae,
350 1034 399 1063 per
416 1025 452 1055 Se
469 1030 516 1053 aut
530 1022 598 1052 alios
609 1019 796 1051 Subditorum
819 1019 975 1057 Ligeorum
996 1026 1045 1049 aut
1067 1016 1203 1048 vassallo-

146 1076 209 1096 rum
228 1066 359 1101 suorum,
379 1062 516 1093 Guerram
531 1058 666 1090 Insultum
681 1065 729 1088 aut
752 1057 944 1087 Obfidionem
963 1058 991 1086 in
1013 1056 1095 1095 ipsius
1117 1055 1207 1086 Locis

144 1112 191 1136 aut
208 1103 310 1134 Incolis
332 1100 517 1134 eorumdem,
545 1106 638 1135 neque
660 1094 870 1126 Potentiffimus
890 1099 950 1125 Rex
974 1094 1086 1132 Angliae
1105 1093 1205 1136 per-Se

144 1150 192 1174 aut
206 1142 268 1173 suos
283 1141 470 1171 Inhabitantes
486 1136 591 1167 Villam
605 1135 650 1165 seu
665 1133 801 1164 Castrum
823 1133 1003 1172 hujusmodi,
1023 1133 1132 1163 Bellum
1149 1135 1204 1162 live

145 1178 292 1211 Gutrram
308 1177 447 1209 Insultum
461 1185 506 1206 aut
522 1174 712 1205 Obfidionem
730 1171 811 1202 dieto
823 1171 1006 1203 Sereniffimo
1028 1174 1094 1209 Regi
1108 1174 1204 1200 Scotiae

144 1219 229 1249 suisve
246 1217 338 1256 Ligeis
349 1225 395 1247 aut
411 1214 522 1245 Vasallis
537 1213 618 1243 faciet
633 1210 845 1253 quovismodo,
860 1211 1000 1249 pendente
1016 1218 1143 1249 tempore
1151 1208 1205 1239 Pa-

145 1259 184 1288 cis
201 1257 344 1287 Amicitiae
360 1255 394 1285 &
410 1252 673 1283 Confoederationis
687 1248 896 1288 praedietarum.

183 1295 227 1325 ΙΤ
238 1304 255 1325 F,
265 1302 290 1324 M
300 1316 309 1331 ,
328 1292 515 1323 Conventum
534 1287 752 1319 Concordatum
768 1288 802 1320 &
817 1287 996 1319 Conclusam
1013 1286 1070 1325 est,
1088 1285 1169 1326 qubd
1185 1285 1203 1316 fi

145 1334 242 1371 aliquis
260 1333 414 1370 Ligeorum
429 1331 508 1359 unius
525 1327 571 1358 vel
586 1327 696 1357 alterius
710 1325 878 1364 Principum
903 1326 1106 1364 praedictorum
1127 1334 1206 1362 repa-

147 1373 265 1406 raverit,
279 1368 477 1404 aedificaverit,
496 1367 541 1397 seu
555 1373 585 1396 ut
599 1364 750 1403 vulgariter
763 1365 864 1396 dicitur
879 1364 1043 1402 imposuerit
1066 1363 1089 1393 Ie
1112 1362 1204 1402 Fische

146 1409 238 1439 Garth
249 1409 281 1437 de
298 1407 373 1444 Esk‚
391 1413 437 1437 aut
450 1413 562 1443 rumpat
578 1404 623 1434 vel
636 1402 752 1433 distruat
766 1404 907 1442 eundern,
926 1412 978 1441 pro
1003 1411 1066 1432 non
1088 1401 1204 1432 Attem—

144 1457 222 1487 ptato
236 1446 418 1484 reputabitur,
433 1444 465 1474 &
482 1442 689 1475 nichilominus
704 1441 756 1472 alia
770 1442 944 1480 Attemptata
961 1449 1141 1479 quaecunque
1161 1449 1204 1470 re-

143 1486 330 1525 parabuntur,
346 1484 383 1514 fic
398 1481 477 1521 quod
492 1482 644 1520 Reparatio
658 1481 703 1510 seu
718 1479 881 1512 Distrudtio
892 1480 960 1511 dieti
973 1479 999 1509 le
1013 1478 1104 1518 Fifirhe
1110 1477 1204 1508 Garth

141 1535 201 1555 non
218 1522 354 1561 impediet
366 1521 615 1552 Reformationem
627 1518 746 1549 aliorum
762 1520 1025 1557 Attemptatorum,
1043 1527 1097 1548 nec
1114 1518 1206 1547 intro-

142 1563 230 1594 ducet
243 1561 423 1601 Ruptionem
438 1559 615 1600 praesentium
630 1557 712 1588 Pacis
727 1557 872 1589 Amicitiae
895 1558 941 1589 seu
966 1556 1205 1588 Confoederatio-

144 1611 195 1632 nis.
843 1603 849 1611 ·

183 1639 228 1670 Ιτ
238 1648 257 1669 E
268 1646 295 1668 Μ
335 1637 525 1668 Conventum
539 1636 572 1667 &
588 1633 810 1665 Concordatum
824 1633 866 1665 est
878 1634 959 1674 quod
981 1633 1108 1672 Fugitivi
1130 1632 1206 1663 Sco-

145 1678 210 1715 tiae,
230 1677 279 1714 qui
294 1660 470 1706 d'evenerunt
487 1675 568 1712 Ligei
590 1675 668 1709 Regis
698 1671 824 1710 Angliae,
843 1673 948 1703 debent
970 1671 1047 1711 ligari
1071 1680 1106 1706 ex
1127 1680 1204 1708 parte

146 1715 306 1754 Anglorum
321 1714 355 1744 ad
367 1713 575 1744 observandum
592 1711 736 1740 Articulos
750 1710 891 1748 praesentis
905 1711 987 1741 Pacis
1004 1710 1152 1741 Amicitiae
1170 1710 1203 1739 &

146 1752 426 1789 Confoederationis,
442 1752 475 1782 &
490 1749 569 1789 quod
586 1748 762 1786 Attemptata
776 1758 825 1788 per
832 1749 891 1780 Eos
905 1748 985 1787 super
1003 1748 1137 1779 Subditos
1152 1750 1203 1777 Re-

141 1796 182 1831 gis
198 1795 290 1820 Scotiae
307 1790 410 1820 debent
424 1789 527 1820 eodem
550 1786 641 1817 modo
663 1787 809 1818 reformari
829 1797 887 1826 quo
906 1788 1134 1819 reformabuntur
1149 1788 1203 1818 At·

147 1838 281 1867 temptata
298 1838 346 1867 per
360 1828 539 1866 Originarios
549 1825 684 1856 Subditos
697 1828 774 1863 Regis
786 1825 917 1864 Angliae,
941 1826 1016 1855 idem
1037 1835 1085 1863 per
1107 1827 1204 1856 omnia

146 1868 355 1899 observandum
371 1876 400 1896 ea
418 1875 494 1902 parte
509 1867 585 1901 Regis
602 1866 697 1892 Scotiae
710 1865 728 1894 fi
746 1864 793 1902 qui
810 1864 897 1902 Angli
909 1872 974 1894 ante
988 1864 1052 1894 haec
1069 1863 1203 1904 Tempo-

147 1916 176 1937 ra
197 1906 281 1943 Ligei
295 1908 372 1940 Regis
388 1908 523 1933 Scotorum
535 1902 701 1932 devenerint
718 1902 920 1939 quovismodo,

186 1943 229 1973 Ιτ
240 1954 257 1974 Ε
268 1951 310 1980 Μ,
328 1942 517 1972 Conventum
532 1942 563 1970 ὃς
578 1938 754 1969 Conclusum
769 1939 810 1970 est
832 1940 927 1979 quod,
945 1940 965 1969 fi
987 1939 1084 1978 aliquis
1099 1937 1202 1969 Subdi-

149 1991 194 2014 tus
208 1982 320 2018 alicujus
338 1980 474 2017 Principis
489 1978 665 2019 Principum·
677 1978 881 2014 praedidtorum
895 2000 905 2015 ,
929 1978 979 2015 qui
1004 1978 1093 2015 passus
1116 1977 1204 2015 Rapi-

147 2031 212 2052 nam
228 2021 271 2051 vel
284 2019 413 2056 Spolium
426 2029 440 2048 a
457 2018 576 2046 Subdito
590 2015 700 2045 alterius
713 2016 880 2058 eorumdem
890 2038 899 2053 ,
917 2015 1029 2054 propria
1051 2016 1202 2046 audiorita-

148 2069 174 2090 te
189 2059 227 2088 sui
244 2065 357 2096 propter
374 2057 447 2086 hanc
463 2055 669 2093 spoliationem
686 2054 771 2084 Prilas
788 2055 832 2084 vei
847 2054 1056 2085 Distrufflones
1071 2054 1204 2084 Persona-

149 2107 214 2127 rum
228 2097 271 2126 vel
286 2095 433 2126 Bonorum
448 2093 563 2130 fecerit,
579 2102 615 2122 eo
640 2091 699 2130 ipso
717 2092 794 2123 cadat
809 2103 824 2122 a
845 2091 935 2123 Causa
956 2092 1020 2131 sua,
1042 2093 1076 2124 &
1102 2092 1204 2124 nichil-

149 2137 261 2167 ominus
274 2133 429 2165 secundum
448 2131 554 2162 Deliffi
571 2131 737 2168 exigentiam
752 2131 897 2168 punietur.

185 2174 228 2204 [τ
239 2183 256 2203 E
267 2182 294 2204 M
304 2196 313 2210 ,
347 2171 535 2202 Conventum
568 2170 601 2200 ὅ(
636 2168 817 2200 Conclusam
848 2169 888 2199 est
912 2169 993 2207 quod
1029 2179 1204 2207 quamquam

150 2212 266 2251 praesens
281 2211 354 2249 Pax,
374 2210 476 2247 Unio,
496 2208 584 2247 Liga,
599 2209 632 2239 ἃ
648 2206 837 2244 Intelligentia
851 2216 943 2246 captae
957 2209 991 2239 &
1004 2208 1084 2238 initae
1104 2208 1122 2227 '¹‘
1143 2209 1206 2238 sunt

151 2252 242 2282 modis
256 2252 289 2282 &
303 2248 402 2279 formis
420 2257 449 2278 ut
463 2248 556 2285 supra,
573 2255 696 2277 attamen
712 2256 773 2276 non
785 2246 914 2277 dicentur
926 2255 984 2277 nec
1004 2256 1033 2276 re
1054 2246 1207 2277 utabuntur

150 2290 275 2320 omnino
295 2286 441 2318 Generalis
452 2286 507 2316 five
522 2285 694 2323 Generales,
708 2294 762 2314 nec
779 2284 807 2314 se
819 2285 974 2315 extendunt
989 2285 1024 2315 ad
1054 2285 1159 2315 nsulam
1172 2285 1205 2313 de

151 2328 261 2365 Lundey
274 2328 303 2356 in
321 2325 430 2361 Regno
444 2323 575 2362 Angliae,
594 2333 648 2354 nec
661 2323 695 2354 ad
708 2326 863 2353 Dominam
882 2324 914 2353 de
936 2326 1029 2353 Lorne
1047 2325 1076 2354 in
1100 2322 1206 2361 Regno

151 2367 268 2403 Scotiae,
288 2364 332 2394 sed
348 2363 522 2394 Dominium
539 2363 571 2393 &
590 2362 678 2392 Insula
691 2362 826 2400 praeditsta
841 2362 1029 2400 intelligentur
1046 2361 1124 2391 nullo
1140 2370 1207 2391 mo-

149 2405 188 2435 do
205 2407 231 2434 in
246 2405 298 2434 hac
316 2403 388 2433 Pace
403 2401 538 2432 Amicitia
554 2402 587 2431 δε
606 2399 864 2430 Confoederatione
879 2400 1092 2437 comprehensa.

189 2443 233 2473 ΙΤ
243 2452 261 2472 E
272 2450 297 2471 M
307 2464 316 2478 ,
335 2440 535 2474 Convenrum,
554 2437 775 2468 Concordatum
788 2438 820 2467 ὅτ.
836 2437 1013 2468 Conclusum
1026 2438 1068 2467 est
1084 2436 1163 2474 quod
1175 2436 1206 2474 fi,

150 2481 252 2513 eisdem
267 2480 343 2510 Pace
357 2477 492 2508 Amicitia
506 2477 539 2506 &
555 2475 809 2506 Confoederatione
820 2474 997 2512 durantibus,
1015 2474 1118 2515 aliquid
1134 2485 1208 2506 con-

151 2529 191 2550 tra
206 2519 320 2548 eosdem
335 2516 380 2546 vel
402 2515 523 2553 aliquam
547 2513 660 2544 Partem
682 2512 836 2543 earundem
861 2523 911 2550 pet
933 2513 1058 2544 Terram
1083 2512 1137 2543 five
1156 2523 1206 2552 per

154 2557 236 2588 Mare
251 2556 309 2586 fieri
322 2554 366 2585 vel
379 2552 535 2591 attemptari
548 2553 709 2590 contingat,
728 2559 874 2590 propterea
893 2561 953 2581 non
967 2560 1047 2583 erunt
1063 2559 1118 2581 nec
1138 2560 1205 2582 cen-

153 2597 284 2628 sebuntur
298 2594 403 2629 Ruptae
422 2590 573 2621 Infirmatae
588 2590 632 2620 vel
648 2589 807 2620 Adnullatae
825 2589 972 2627 praesentes
992 2590 1067 2627 Pax,
1095 2590 1205 2621 Amici-

152 2637 207 2671 tia,
227 2633 314 2670 Liga‚
333 2641 366 2660 ac
380 2629 619 2667 Confoederatiog
635 2628 680 2658 sed
697 2628 900 2658 nichilominus
914 2629 942 2658 in
956 2628 1005 2658 suo
1024 2630 1130 2659 robore
1144 2638 1206 2668 per-

156 2673 328 2707 manebunt,
347 2670 379 2699 ὃ(
400 2676 561 2705 attemptata
576 2666 737 2705 hujusmodi
752 2665 848 2697 debite
863 2666 1102 2698 reformabuntur.

191 2711 203 2740 1
215 2719 238 2739 T
248 2718 265 2738 E
276 2716 302 2738 M
313 2731 322 2745 ‚
340 2706 526 2736 Conventum
538 2704 775 2744 ,Concordatum
788 2706 821 2736 &
838 2703 1012 2736 Conclusum
1026 2705 1068 2736 est
1080 2704 1160 2744 quod
1177 2705 1206 2736 in

153 2748 278 2788 praesenti
294 2745 432 2776 Tmetatu
446 2745 739 2783 comprehendantur,
758 2743 906 2781 videlicet,

193 2825 252 2856 Pro
267 2823 348 2853 Parte
366 2821 537 2852 Sereniffimi
548 2824 625 2858 Regis
638 2823 748 2858 Scotiae,

195 2859 425 2900 Christianiffimus
437 2863 496 2888 Rex
510 2863 629 2890 Franciae
639 2880 650 2896 ‚

193 2899 303 2931 Carolus
324 2902 492 2936 Imperator,

1272 283 1307 314 In
1323 284 1425 321 quibus
1436 284 1545 315 cafibus
1556 294 1611 323 pro
1627 293 1686 315 non
1710 282 1933 322 Comprehenfis
1951 285 2120 324 habeantur,

1310 322 1425 360 uodque
1439 323 1562 354 similiter
1578 333 1679 354 ornnes
1694 323 1728 353 &
1746 323 1848 359 finguli
1872 323 1942 353 dieti
1965 323 2112 361 Principes
2130 322 2297 354 Potentatus

1236 361 1269 391 &
1314 362 1519 392 emmunitates
1535 372 1587 399 pro
1602 360 1827 397 comprehensis
1843 360 2014 398 habeantur,
2039 361 2203 392 dummodo
2224 362 2295 391 intra

1236 398 1292 429 Sex
1307 398 1423 430 Menses
1431 399 1495 437 post
1509 399 1618 431 Datam
1626 399 1809 430 Praeseniium
1823 398 1984 437 hujusmodi
1999 399 2295 437 Comprehenfionem

1236 439 1462 475 acceptaverint,
1482 439 1514 469 &
1529 438 1564 470 de
1579 437 1741 476 hujusmodi
1753 436 1800 467 sua
1819 437 2012 475 acceptatione
2036 437 2130 469 dietos
2150 437 2298 477 Principes

1237 485 1288 513 per
1302 476 1358 506 suas
1376 475 1482 507 Literas
1496 477 1630 506 certiores
1642 475 1819 506 reddiderint.

1275 513 1321 544 11-
1332 523 1350 543 E
1361 522 1388 544 M
1397 537 1406 553 ,
1425 513 1614 544 Conventum
1628 513 1847 544 Concordatum
1864 514 1898 545 &
1913 511 2094 544 conclusum
2107 513 2148 545 est
2166 513 2244 553 quod
2260 512 2297 544 11-

1238 551 1396 583 lustriffima
1410 551 1539 583 Domina
1554 555 1713 589 Margarita
1728 555 1832 589 Regina
1844 555 1938 581 Scotiae
1953 553 2126 590 Douageria,
2143 553 2214 583 dicti
2235 552 2295 583 Po-

1238 590 1385 621 tentiffimi
1399 589 1511 628 Angliae
1530 593 1608 628 Regis
1625 589 1793 621 Charisfima
1807 589 1896 620 Soror
1931 589 2098 620 durantibus
2121 590 2195 621 Pace
2215 590 2299 621 Ami-

1239 629 1306 660 citia
1320 629 1354 660 &
1368 629 1627 660 Confoederatione
1642 628 1805 665 antediffis,
1823 637 1878 665 pro
1890 613 1935 658 sira
1958 627 2108 667 Dignitate
2127 628 2160 659 &
2182 636 2213 659 ut
2236 637 2299 660 tan-

1238 676 1296 698 tam
1313 668 1346 697 &
1361 668 1447 698 talem
1459 668 1540 698 decet
1560 667 1700 706 Reginam
1715 666 1876 697 honorifice
1889 667 2069 705 tractabitur,
2086 667 2192 704 suoque
2204 666 2297 698 Dota*

1239 706 1301 736 litio
1316 706 1484 745 Douagerio
1498 706 1554 737 five
1575 705 1742 736 Donatione
1765 713 1881 743 propter
1902 704 2028 744 Nuptias
2051 706 2150 743 plene,
2174 706 2298 744 integre,

1239 744 1345 782 libere,
1363 746 1396 777 &
1410 745 1506 783 quiete
1543 745 1655 774 audebit
1670 746 1703 776 ὅ(
1715 743 1832 784 pacifice
1845 743 1994 782 poffidebit
2027 753 2056 773 er
2069 744 2106 775 Se
2126 751 2173 774 aut
2197 742 2245 773 De
2265 753 2299 774 u-

1240 790 1310 813 tatos
1323 783 1395 821 suos,
1408 784 1480 819 iuxta
1506 753 1575 812 &im
1594 782 1731 813 Formam
1754 781 1788 812 δι’.
1810 781 1961 813 Effectum

1240 822 1374 852 &ionum
1390 821 1637 858 ContraCtumque
1652 820 1845 858 Matrimonii,
1862 820 2051 859 Statutorum,
2067 821 2214 852 Actorum
2231 820 2299 851 Par-

1237 860 1366 928 isiamenti
1381 859 1477 900 Regni
1495 860 1601 891 Scotiae
1615 859 1680 891 inde
1703 858 1866 889 habitorum
1888 867 2100 890 conventorum
2122 861 2155 892 &
2178 859 2300 890 conclu-

1249 908 1343 929 orum.
2081 899 2096 910 '

1280 936 1324 967 IT
1335 946 1353 967 E
1364 943 1390 967 M
1400 959 1410 974 ,
1428 935 1616 967 Conventum
1633 934 1854 966 Concordatum
1869 934 1902 965 &
1916 932 2092 966 Conclusam
2107 935 2148 966 est
2164 936 2251 975 quod·
2266 946 2300 967 u·-

1243 984 1340 1013 terque
1355 973 1525 1012 Principum
1537 974 1744 1014 praedffilorum
1759 973 1897 1013 pubiicari
1911 972 1944 1003 &
1957 973 2095 1004 notificari
2109 975 2194 1006 faciet
2212 974 2302 1005 diCtas

1240 1014 1362 1051 Pacem,
1382 1013 1569 1051 Amicitiam,
1587 1013 1705 1053 Ligarn,
1721 1011 2028 1048 Confoederationem,
2048 1012 2081 1042 &
2105 1011 2302 1044 Concordiam

1240 1052 1368 1083 Subditis
1380 1052 1449 1090 suis,
1469 1053 1498 1082 in
1517 1052 1652 1082 omnibus
1664 1052 1698 1082 δε
1714 1051 1824 1090 singulis
1836 1049 2032 1088 insignioribus
2052 1049 2142 1080 Locis
2156 1051 2301 1082 Marchia—

1240 1100 1305 1121 rum
1320 1091 1448 1128 suarum,
1466 1090 1536 1121 infra
1549 1090 1661 1129 Viginti
1678 1089 1748 1120 Dies
1760 1087 1828 1128 post
1841 1087 1949 1119 Datam
1965 1087 2151 1119 Praesentium
2166 1091 2301 1127 proxime

1239 1130 1273 1160 &
1287 1128 1450 1160 immediate
1465 1129 1616 1167 sequentes.

1279 1167 1411 1205 ITEM,
1431 1166 1624 1197 Conventum
1651 1164 1874 1196 Concordatum
1898 1164 1932 1195 &
1954 1162 2133 1196 conclusum
2159 1164 2201 1196 est
2243 1164 2304 1196 uod

1240 1215 1290 1244 per
1302 1206 1467 1245 praesentem
1484 1205 1656 1236 TraCtatum
1669 1212 1717 1235 aut
1731 1204 1852 1242 aliquem
1875 1203 1932 1240 eius
1953 1203 2115 1235 Articulum
2136 1214 2196 1234 non
2242 1214 2304 1235 ero·

1259 1253 1320 1276 etur
1336 1254 1389 1275 nec
1410 1244 1578 1282 derogatum
1606 1243 1662 1274 effe
1681 1242 1824 1273 censeatur
1847 1241 1978 1272 Articulo
2001 1241 2228 1273 Reformationis
2249 1243 2305 1273 five

1274 1282 1444 1313 estitutionis
1464 1283 1707 1321 Attemptatorum
1717 1303 1726 1318 ,
1745 1282 1775 1311 in
1789 1279 1909 1317 quadam
1923 1279 2037 1320 Treuga
2051 1281 2107 1311 five
2123 1280 2191 1312 Belli
2207 1281 2304 1311 Absti-

1240 1322 1333 1352 nentia
1348 1322 1420 1352 inter
1433 1320 1569 1352 Oratores
1582 1321 1637 1350 five
1652 1319 1872 1351 commissarios
1885 1318 2029 1349 dictorum
2053 1319 2304 1350 Illustrisfimorum

1240 1359 1428 1398 Principum,
1443 1360 1516 1398 apud
1527 1361 1641 1389 Novum
1655 1357 1778 1398 Castrum
1788 1361 1875 1396 primo
1889 1359 1943 1386 Die
1958 1358 2061 1398 Menfis
2084 1358 2226 1398 celebris,
2242 1359 2306 1390 An-

1242 1408 1283 1428 no
1304 1398 1429 1429 Domini
1450 1397 1607 1428 Millefimo
1637 1396 1877 1439 angentefimo
1895 1395 2058 1434 Trigefimo
2084 1397 2204 1436 Tertio,
2229 1398 2306 1428 initis

1241 1437 1321 1467 faffls
1334 1438 1368 1468 &
1382 1436 1522 1467 conclusis
1536 1436 1762 1474 comprehenlo,
1787 1435 1831 1466 led
1855 1434 1936 1472 quod
1958 1435 2015 1472 ipse
2035 1435 2180 1466 Articulus
2201 1437 2230 1466 in
2253 1435 2305 1467 suo

1241 1474 1366 1506 Robore
1379 1474 1434 1506 stet
1448 1476 1481 1506 &
1497 1474 1602 1505 effectu
1612 1497 1622 1513 ,
1640 1483 1723 1511 atque
1738 1473 1818 1512 quod
1836 1473 2008 1509 Attemptata
2026 1482 2215 1512 quaecumque
2225 1475 2303 1513 juxta

1242 1514 1276 1545 &
1289 1513 1446 1545 secundum
1461 1514 1608 1545 Tenorem
1623 1513 1747 1551 ejusdem
1767 1511 1890 1543 Articuli
1903 1511 2081 1543 restituantur
2095 1513 2128 1544 δε
2145 1512 2301 1544 reformen-

1242 1561 1298 1583 tur.

1277 1590 1324 1622 I·r
1334 1600 1352 1621 iz
1363 1598 1406 1629 M,
1425 1589 1614 1621 Conventum
1632 1588 1854 1620 Concordatum
1869 1589 1903 1620 &
1917 1586 2093 1619 Conclusum
2108 1588 2150 1620 est
2164 1589 2244 1629 quod
2258 1590 2303 1622 di-

1241 1629 1303 1660 ctus
1317 1628 1516 1660 illustrissimus
1530 1631 1590 1658 Rex
1603 1631 1716 1665 Scotiae,
1734 1628 1804 1658 infra
1817 1627 1873 1657 Sex
1894 1627 1965 1657 Dies
1988 1627 2139 1666 postquam
2155 1629 2189 1659 ad
2207 1629 2236 1659 id
2253 1639 2304 1668 per

1242 1667 1397 1698 Oratorem
1414 1667 1472 1697 five
1485 1666 1621 1698 Oratores
1638 1666 1707 1697 dieti
1722 1664 1899 1696 Illustriffimi
1916 1668 1993 1703 Regis
2016 1665 2130 1704 Angliae
2151 1667 2234 1698 fuerit
2257 1678 2300 1699 re·

2013 783 2224 813 onventionum
2269 792 2298 812 a·-

1258 1706 1371 1745 uifitus,
1389 1705 1492 1736 eisdem
1511 1705 1628 1735 Oratori
1644 1702 1698 1735 five
1711 1704 1882 1735 Oratoribus
1897 1712 1966 1734 tunc
1992 1704 2026 1735 &
2050 1706 2066 1722 ²*
2092 1705 2200 1736 ibidem
2223 1705 2298 1738 Prae-
2316 1711 2331 1730 ⁸*
2348 1712 2434 1744 XIV.

1252 1746 1379 1782 entibus,
1400 1754 1433 1775 ac
1451 1745 1481 1774 in
1496 1743 1641 1780 praesentia
1655 1743 1846 1774 Notariorum
1864 1742 1897 1772 &
1910 1741 2046 1773 Testium
2059 1743 2093 1772 ad
2113 1744 2141 1774 id
2158 1745 2301 1784 requisito·
2318 1759 2350 1789 53
2356 1760 2382 1787 5,

1242 1793 1305 1813 rum
1325 1782 1527 1820 Juramentum
1552 1781 1720 1819 corporale,
1741 1781 1820 1811 raetis
1839 1780 2016 1811 sacrosanctis
2038 1780 2097 1811 Dei
2121 1782 2200 1813 Evan
2220 1784 2279 1814 eliis

1238 1820 1398 1859 praestabit,
1416 1821 1490 1851 &in
1506 1820 1567 1849 vim
1583 1819 1662 1848 Paeti
1678 1820 1826 1861 promittet
1843 1818 1922 1855 quod
1945 1819 2043 1848 omnia
2065 1819 2098 1849 δε
2124 1791 2226 1859 (mgni
2244 1807 2305 1853 Ca-²

1239 1859 1326 1896 pitula
1341 1860 1370 1888 in
1388 1857 1517 1894 praesenti
1533 1857 1671 1887 Tradiatu
1688 1857 1795 1894 inserta,
1814 1855 1959 1886 ratificabit
1975 1855 2174 1896 confirmabit,
2193 1859 2227 1889 ὃ(
2242 1867 2302 1890 tam

1239 1906 1289 1935 per
1303 1896 1341 1926 Se
1356 1895 1474 1926 fideliter
1486 1894 1645 1925 observabit
1661 1895 1695 1925 &
1711 1895 1796 1924 omni
1812 1903 1880 1924 cum
1898 1893 2006 1924 effectu
2029 1903 2200 1935 exequetur,
2217 1906 2302 1936 quam

1240 1944 1290 1972 per
1305 1934 1441 1965 Subditos
1454 1933 1518 1963 suos
1530 1942 1666 1973 quatenus
1680 1931 1755 1971 Ipsos
1778 1941 1895 1970 tangunt
1918 1932 2058 1963 observari
2082 1935 2115 1964 ὃ(
2139 1936 2240 1974 exequi
2263 1936 2304 1967 fa—

1239 1975 1310 2011 ciet,
1329 1972 1441 2011 suasque
1457 1971 1564 2002 Literas
1582 1972 1714 2003 Parentes
1729 1970 1957 2002 confirmatorias
1971 1972 2005 2001 ὃς
2021 1971 2206 2004 ratificatorias
2220 1975 2304 2005 desu-

1240 2022 1288 2052 per
1303 2011 1453 2042 sufficienti
1467 2010 1573 2041 Forma
1587 2010 1747 2048 confectas,
1766 2019 1883 2040 necnon
1899 2008 2015 2046 Magno
2032 2009 2082 2040 suo
2095 2011 2196 2049 Sigillo
2209 2014 2303 2044 muni-

1241 2061 1295 2089 tas,
1314 2051 1347 2081 &
1363 2048 1456 2080 Manu
1478 2048 1523 2079 sua
1546 2049 1708 2085 subscriptas
1722 2071 1732 2087 ,
1760 2047 1875 2078 Oratori
1895 2048 1952 2078 five
1971 2047 2141 2081 Oratoribus
2163 2051 2306 2088 praedietis

1243 2089 1379 2120 tradet&
1394 2088 1561 2118 deliberabit
1575 2087 1622 2118 seu
1638 2087 1751 2118 tradi&
1771 2086 1918 2116 deliberari
1932 2086 2015 2116 faciet
2034 2097 2103 2118 cum
2123 2088 2249 2129 effectu,
2268 2093 2303 2122 &

1262 2127 1321 2157 uod
1337 2125 1458 2157 viciffim
1476 2126 1573 2164 postea
1588 2126 1680 2156 distus
1694 2124 1892 2155 Illustriffimus
1915 2128 1974 2154 Rex
1999 2125 2130 2165 Angliae,
2155 2128 2224 2158 infra
2247 2129 2303 2160 Sex

1279 2167 1314 2196 ies
1331 2165 1482 2203 postquam
1498 2165 1532 2195 ad
1547 2164 1574 2194 id
1590 2174 1639 2203 per
1648 2164 1803 2194 Oratorem
1817 2163 1874 2193 five
1887 2173 1935 2202 per
1945 2164 2081 2195 Oratores
2095 2165 2165 2196 dieti
2178 2166 2306 2198 Illustris-

1245 2205 1306 2235 fimi
1323 2208 1398 2241 Regis
1415 2207 1510 2233 Scotiae
1524 2203 1609 2233 fuerit
1627 2202 1786 2241 requilitus,
1804 2202 1907 2232 eisdem
1923 2201 2036 2231 Oratori
2052 2202 2108 2233 five
2134 2204 2304 2237 Oratoribus

1241 2243 1312 2274 dicti
1330 2241 1506 2273 Illustriffimi
1523 2245 1599 2279 Regis
1606 2245 1700 2271 Scotiae
1715 2250 1784 2271 tunc
1800 2242 1833 2272 &
1848 2240 1956 2270 ibidem
1970 2240 2165 2281 Praesentibus,
2179 2244 2210 2274 in
2225 2243 2302 2274 Prae-

1241 2283 1327 2313 sentia
1341 2281 1535 2324 Notariorum
1553 2282 1585 2311 &
1601 2279 1734 2323 Tes’tium
1749 2279 1789 2321 'ad
1813 2278 1841 2308 id
1865 2279 2079 2322 requifitorum,
2099 2280 2301 2317 Juramentum

1242 2319 1486 2394 {ffififi‘ssoffisss
1497 2318 1686 2394 Ἐὲἑέἦὲἳὲἱ
1690 2317 1766 2385 351¹,
1776 2316 1934 2392 ἓέἳξξὲῗέ
1949 2317 2094 2393 esitii?
2103 2320 2301 2389 ffaissicssiffs

1242 2398 1271 2426 in
1286 2396 1412 2434 praesenti
1426 2396 1566 2426 Trat‘tatu
1579 2394 1677 2425 inserta
1693 2393 1841 2424 ratificabit
1855 2393 1887 2422 &
1903 2393 2101 2430 confirmabit,
2120 2396 2154 2426 ὃ(
2169 2405 2227 2428 tam
2251 2408 2301 2435 per

1242 2435 1268 2464 se
1282 2434 1399 2465 fideliter
1415 2433 1623 2464 observabit&
1637 2441 1704 2462 cum
1726 2432 1806 2460 omni
1828 2430 1934 2462 effectu
1953 2440 2124 2471 exequetur,
2145 2444 2232 2472 quam
2252 2446 2301 2474 per

1241 2472 1376 2503 Subditos
1389 2472 1452 2501 suos
1470 2480 1604 2509 quatenus
1625 2470 1698 2508 ipsos
1719 2478 1836 2507 tangunt
1856 2469 1995 2501 observari
2015 2472 2049 2502 &
2070 2474 2170 2511 exequi
2198 2475 2301 2512 faciet,

1241 2511 1352 2547 suasque
1376 2509 1494 2540 Litteras
1526 2509 1654 2540 Patentes
1673 2507 1894 2538 confirmatorias
1922 2509 1955 2539 &
1976 2509 2163 2542 ratificatorias
2186 2512 2303 2550 desuper

1240 2548 1389 2580 sufficienti
1403 2547 1508 2577 Forma
1525 2548 1668 2578 confectas
1705 2556 1820 2576 necnon
1838 2545 1949 2584 Magno
1971 2547 2021 2576 suo
2043 2548 2140 2586 sigillo
2163 2552 2284 2581 munitas

1241 2597 1275 2618 ac
1295 2586 1388 2617 Manu
1405 2585 1450 2616 sua
1462 2569 1779 2629 subscriptas,.Oratori
1800 2584 1857 2628 five
1881 2585 2048 2628 Oratoribus
2069 2587 2211 2625 saepedicti
2225 2575 2304 2626 Regi}

1241 2628 1334 2695 ,ἕιὲζὶιε
1349 2624 1483 2656 tradet&
1501 2624 1681 2662 deliberabit,
1700 2623 1744 2653 seu
1760 2622 1873 2654 tradi&
1896 2623 2041 2654 deliberari
2065 2625 2148 2657 faciet
2170 2636 2239 2657 cum
2258 2629 2300 2658 ef-

1255 2674 1270 2694 e
1303 2674 1330 2694 u.

1508 2742 1660 2780 Sequuntur
1674 2741 1788 2769 Tenores
1806 2738 2019 2778 Commrfflonum.

1283 2815 1420 2856 Jacobur,
1437 2816 1495 2847 Dei
1511 2816 1620 2854 Gratia,
1637 2819 1697 2846 Rex
1712 2820 1847 2846 Scotorum
1864 2815 1995 2846 univerfis
2011 2815 2045 2846 &
2057 2815 2168 2854 singulis
2182 2818 2216 2849 ad
2230 2827 2302 2857 quo*

1247 2866 1312 2924 rurSn
1328 2856 1456 2924 Notiffiis
1469 2855 1613 2895 praesentes
1628 2855 1742 2886 Litterae
1759 2855 1952 2893 pervenerint,
1977 2853 2120 2894 Salutem,

1306 2902 1385 2924 cratis
1438 2905 1488 2932 os,

196 2942 256 2970 Rex
274 2939 383 2974 Daciae,
1284 2932 1334 2963 De
1350 2932 1540 2963 Fidelitatibus
1554 2931 1698 2973 Industriis
1717 2933 1750 2964 &
1769 2931 1894 2970 providis
1912 2929 2226 2970 circumspectionibus
2248 2932 2306 2964 Di·

200 2981 259 3007 Rex
277 2979 471 3010 Romanorum,
1247 2971 1389 3003 lectorum
1407 2971 1440 3001 &
1457 2971 1479 3001 F
1481 2971 1594 3001 idelium
1610 2970 1769 3001 Conlulum
1785 2969 1948 2999 nostrorum
1961 2968 2125 3000 Reverendi
2138 2972 2169 3001 in
2186 2971 2304 3002 Christo

198 3018 266 3045 Dux
280 3012 397 3043 Geldriae
406 3035 416 3050 ,
1250 3010 1340 3041 Patris
1354 3009 1513 3040 thillielnri
1523 3009 1643 3049 Eprfiopi
1656 3007 1848 3051 Absrdorrenfis
1859 3007 2033 3038 Thesaurarii
2047 3007 2144 3048 Regni
2163 3010 2261 3050 nostri,
2272 3012 2307 3043 ὃς

199 3057 268 3084 Dux
286 3050 432 3091 Holfiztiae,

198 3096 266 3122 Dux
281 3088 379 3118 cleviae
388 3111 398 3127 ,

199 3127 325 3162 Marchio
344 3125 594 3167 Brundiburgenfir,

199 3172 344 3199 societates
362 3167 547 3195 Mercatorum
560 3163 664 3203 Hanfie
679 3165 834 3194 Teutonica-

355 3241 416 3272 Pro
429 3240 511 3272 Parte
525 3241 596 3271 vero
610 3239 785 3270 Illustriffimi
800 3243 876 3278 Regis
893 3239 1006 3280 Angliae
1017 3262 1027 3277 ,

201 3319 354 3359 Franrifius
372 3315 512 3348 Gallorum
527 3319 587 3347 Rex
607 3314 870 3354 Christianiffimus,

201 3358 312 3387 Carolus
329 3360 495 3395 Imperator,

201 3400 259 3425 Rex
279 3399 472 3432 Romanorum,

205 3433 348 3470 Johannes
365 3436 515 3469 Hungariae
532 3435 610 3468 Rex,

207 3474 274 3500 Dux
291 3474 469 3510 Pomeraniae,

206 3511 293 3537 Duces
311 3513 452 3547 Saxoniae,

204 3548 394 3583 Lantgravius
412 3547 527 3586 Haffiae,

207 3586 295 3613 Duces
309 3587 459 3624 Bavariae‚
477 3584 629 3624 Holsc'ztiae,
645 3581 768 3621 cleviae,
786 3583 820 3614 δί
836 3581 973 3621 Geldriae‚

208 3625 345 3652 Civitates
357 3623 483 3654 Lubicen.
501 3622 684 3660 Hamburgen.
702 3622 735 3653 ὃς
751 3631 852 3652 omnes
874 3620 1009 3653 Civitates
1027 3619 1134 3660 Hanfie
1155 3622 1223 3651 Teu-

169 3664 279 3698 tonicae,

190 3771 195 3775 .
209 3734 340 3766 Necnon
354 3745 457 3767 ornnes
466 3737 498 3768 &
514 3737 610 3777 finguli
625 3736 723 3767 Amici
738 3735 772 3766 &
788 3735 990 3767 Confoederati
1002 3736 1148 3765 ambarum
1154 3733 1223 3765 Par-

176 3777 247 3800 tium
262 3775 462 3810 praedidtarum
476 3775 521 3805 vel
536 3785 632 3806 earum
646 3775 770 3811 alterius,
789 3775 839 3804 nifi
855 3784 954 3805 eorum
968 3774 1065 3812 aliquis
1080 3773 1123 3804 vel
1137 3773 1222 3810 aliqui

174 3807 327 3850 Domum,
347 3811 464 3851 Regna,
481 3813 601 3852 Terras,
621 3813 768 3850 Ducatus,
784 3812 982 3850 Possesfiones,
999 3811 1225 3842 Haereditamen·

172 3853 213 3881 1²²,
231 3855 275 3889 ³315
287 3849 408 3886 Census,
428 3850 578 3881 Penfiones
591 3853 648 3882 live
665 3852 831 3882 Annuitates
851 3851 895 3880 vel
918 3849 1041 3887 Debita,
1066 3850 1121 3880 five
1143 3849 1224 3879 Bona

173 3884 288 3914 mobilia
302 3896 347 3916 aut
363 3888 534 3924 immobilia,
552 3890 586 3919 ad
607 3890 724 3920 alterum
747 3889 890 3919 dierorum
912 3888 1081 3926 Principum
1104 3896 1222 3925 quoquo

171 3921 263 3965 modo
276 3923 420 3964 spectantia
436 3933 482 3955 aut
494 3927 679 3964 pertinentia,
705 3928 854 3958 detinuerit
876 3927 920 3958 vel
943 3927 1129 3963 detinuerint,
1155 3925 1221 3955 sub·

169 3967 276 3991 traxerit
292 3968 339 3992 aut
349 3963 547 4001 rubtraxerint,
564 3971 612 3995 aut
626 3964 679 3995 alio
695 3975 811 4004 quoquo
830 3965 921 3996 modo
942 3964 1054 3997 eosdem
1078 3964 1222 4002 Principes

1250 3049 1328 3080 Adae
1343 3048 1490 3078 Ottirburn
1503 3048 1538 3078 de
1552 3047 1681 3079 Reidhall
1694 3046 1797 3077 Militis
1809 3045 2001 3085 confidentes,

1290 3087 1366 3125 Ipsos
1380 3086 1490 3117 nostros
1505 3096 1585 3116 veros
1600 3087 1633 3117 &
1648 3085 1819 3115 indubitatos
1830 3083 2067 3130 Commstsarios,
2093 3086 2306 3130 Procuratores,

1251 3123 2308 3207 ssigsffisszcssfflffiffdffssffi{uffiffsffct‘fiffi‘rnffssssffssssrsssississffissffigm‘

1291 3202 1400 3232 Dantes
1417 3202 1450 3232 &
1462 3200 1662 3245 Concedentes
1684 3200 1788 3230 eisdem
1810 3200 1988 3236 coniundiim
2011 3201 2137 3245 nostram
2157 3203 2309 3241 plenariam

1254 3240 1427 3308 pgessffiss‘&
1437 3237 2103 3309 3³51?“Nffi‘ssi'i‘ssffffloffioMssudffiufffflssffiffio
2110 3241 2309 3310 &firffieffgz

1255 3288 1407 3346 xCariffirno
1420 3316 1578 3347 Avunculo
1593 3317 1626 3347 &
1640 3315 1735 3346 Fratre
1749 3299 1847 3345 nos'tro
1861 3315 1977 3345 Henrico
1995 3318 2066 3354 Rege
2087 3290 2309 3355 Angliae,pejuf-

1255 3365 1291 3385 ve
1307 3353 1528 3392 Commiffariis,
1547 3354 1797 3397 Procuratoribus,
1817 3352 1966 3392 Deputatis
1980 3354 2014 3385 &
2030 3355 2157 3400 Nunciis
2169 3355 2308 3386 sufficien—

1255 3391 1510 3475 Eim&pss¹3<¹?r²‘v}¹{2
1518 3391 1777 3468 Ῠῆέἅξῖοὲὲέἳῗεὲ
1789 3391 2311 3475 ἓὲιρῖἓυέῗῖἒῖἓέἒέῗῧὲἑᾞὶέἒᾞ

1255 3468 1664 3576 ἓξὲιὲῗῗξὲῗᾎᾙῗςᾙζῗ
1675 3467 2200 3551 ῗεέἓῇἰῖῑᾷῗῖἐὲῗυῗῶμῗ“ἕὲἰέἓὲὲ
2215 3468 2313 3539 2223:

1258 3545 1427 3627 ¹⁸⁵5&ssssss
1440 3545 1859 3623 fri't‘eiiig‘ssss‘ssiisfflliffigffitiisse‘s‘}
1868 3545 2180 3626 Ρὸἷῗὲἓὲἓέπῑοηῑως
2196 3583 2311 3621 quibus-

1257 3621 1616 3692 fffissqssssassffffi‘rss‘sszdsse‘s
1624 3621 1972 3692 (ἷξὲὶὲῗεῗὲἓὲῗὲἷὲἑῗῗε
1984 3620 2312 3692 ῗὲ”ἓῖεῗεῇἑ”ῗέἰ

1260 3699 1363 3737 minia,
1381 3698 1500 3737 Patrias,
1521 3671 1670 3737 Subdiilos,
1696 3698 1841 3736 Vasallos,
1867 3682 2019 3740 FaventeS,
2087 3680 2256 3742 rifoederatbs
2276 3701 2312 3731 ὅς

1258 3736 1619 3806 ἢέἓὲἳὲωἱῖιὲοέἑὲἒάῗξ
1636 3733 2077 3806 sussdessffts‘iiisn‘issetassssffi'ssde
2095 3736 2312 3806 &gestias

1259 3785 1526 3856 *comm'unicanssn
1544 3799 1719 3851 Traet'andi,
1745 3810 1963 3855 Appunotuandi
1976 3831 1988 3848 ‚
2011 3793 2233 3852 Cdncordandi,
2256 3798 2312 3845 Pal

1258 3851 1382 3894 ciscendi
1393 3861 1426 3882 ac
1442 3851 1558 3895 finaliter
1572 3852 1605 3883 &
1621 3853 1662 3882 int
1700 3861 1728 3882 re
1745 3847 1961 3893 Deternnnandi
1976 3848 2010 3878 &
2023 3846 2226 3881 Concludendi
2236 3874 2246 3889 ,

1258 3889 1467 3966 initias:
1482 3890 1587 3967 {ras
1605 3888 1924 3964 amattt‘fsa‘aa,
1936 3885 2126 3963 aaa&
2136 3888 2313 3967 <sarm

1257 3967 1323 4005 tias,
1340 3965 1500 4005 Alligantias
1510 3968 1544 3999 &
1560 3950 1845 4000 confoederationes,
1861 3961 1977 4000 aliasque
1994 3961 2153 4004 Paffioms,
2172 3964 2314 4009 Conven-

2265 4011 2328 4034 tto-
