2542 4274
589 104 1520 161 CONVENTIONES,
1595 106 2020 163 LITERAE,

1300 197 1355 243 1¹31ae
1369 218 1378 232 2
1398 205 1431 239 ac
1449 197 1546 228 omnia
1563 197 1597 229 ὅτ.
1615 198 1722 237 singula
1735 198 1844 237 Jocalia
1859 225 1869 238 ,
1895 200 2015 240 Vestes,
2044 199 2226 239 Margaritas,
2249 199 2367 237 Lapides
2387 191 2462 224 Anu·
2476 190 2519 228 D,

1302 239 1320 253 δ’
1341 234 1655 278 pretiosos,caeteraque
1667 238 1703 268 ad
1718 238 1862 270 Ornatum
1879 240 1937 277 ejus
1951 239 2144 279 destinata,&
2158 249 2280 269 omnem
2295 238 2367 276 Sup-
2393 231 2495 279 *1518*-

1302 273 1474 316 pelle-&ilem
1493 274 1590 306 Mariti
1605 277 1639 308 &
1658 276 1752 314 suam,
1775 288 1808 308 ac
1826 277 1886 307 Res
1900 278 1933 308 &
1951 278 2030 309 Bona
2048 278 2093 309 illa
2109 288 2286 317 quaecunque
2304 287 2367 314 quse
2391 276 2455 298 ‘121²-
2474 274 2501 296 δ·

1304 311 1424 350 Reginae
1442 312 1571 344 Franciae
1585 315 1632 344 vel
1652 315 1713 345 aliae
1733 315 1875 346 Dominae
1889 315 1954 353 post
1971 316 2097 347 Obitum
2114 316 2290 347 Mnitorum
2307 318 2370 346 suo-
2407 313 2426 329 *
2437 309 2519 336 XIII*

196 134 272 173 152

40 205 120 238 Anu.
134 202 176 233 D·
195 208 275 238 &um
290 204 405 234 Locum
420 202 551 242 proxime
565 202 599 233 &
615 201 780 232 immediate
796 201 954 240 sequentes,
976 211 1045 232 cum
1063 200 1177 238 prrefata
1191 197 1259 228 Illu-

71 243 158 281 1518·
200 243 328 276 strisfima
344 244 467 280 Principe
480 242 578 270 Maria
594 241 761 278 solenniter,
776 241 852 279 quta
868 240 1029 271 Canonicas
1045 239 1211 269 Sanetiones
1227 235 1260 264 ὃς

47 288 110 311 Hm.
136 282 163 308 S.
201 292 234 314 ut
251 281 335 312 moris
353 278 411 318 est,
427 281 455 310 in
471 279 554 310 Facie
575 279 708 310 Ecclesiae
731 279 954 310 Matrimonium
972 280 999 307 in
1022 278 1100 308 dieto
1118 277 1203 306 Loco
1227 273 1262 303 de

31 324 34 327 '
202 321 323 352 Abbatis
339 318 409 349 Viila
429 318 577 349 contrahet
598 319 632 349 ὃς
658 319 860 356 solennizabit3
881 317 990 347 Volunt
1012 325 1108 346 tamen
1127 313 1265 344 Concor-

55 1135 76 1155 κ
116 1137 125 1142 -

101 1137 186 1203 xiil,
207 1178 248 1200 ter
269 1178 321 1206 pro
337 1168 486 1206 Secundzi,
508 1168 545 1198 fic
573 1177 604 1198 ut
631 1165 792 1204 praefertur,
817 1165 928 1203 solutis,
954 1165 1085 1203 praefatus
1110 1168 1272 1195 Francorum

202 360 268 390 dant
291 359 323 388 ὃς
338 357 529 388 Concludunt
543 357 680 388 Oratores
695 357 820 387 Partium
840 355 1037 394 praedium-um
1054 354 1134 391 quod
1152 352 1266 396 praes-ata

203 395 386 429 Illustrissima
401 396 519 434 Maria,
538 395 603 433 post
615 395 723 427 dic‘tam
739 394 965 436 Traduetionem
975 417 984 431 ,
1000 394 1050 421 erit
1074 393 1106 422 &
1131 399 1266 421 continue

202 436 360 466 remanebit
375 435 403 464 in
418 434 558 465 Custodia
575 433 845 465 Commiffariorum
864 433 967 470 praefati
981 434 1059 473 Regis
1076 429 1200 473 Angliae,
1214 428 1267 457 do-

204 484 259 506 nec
273 475 306 506 &
319 473 464 512 quousque
484 472 656 511 praediCtum
675 472 898 502 Matrimonium
921 471 992 500 inter
1012 472 1267 512 izepenominatutn

203 511 374 552 Francifium
395 511 561 550 Delphinum
583 513 612 542 δι
638 510 725 549 ipsam
748 509 962 539 illustrissimam
988 511 1114 538 Maria».-
1130 506 1215 550 fuerit
1236 515 1267 534 in

206 552 290 583 Facie
304 551 440 582 Ecciefiae
452 550 565 588 debite,
582 559 612 581 ut
625 549 806 588 praedicitur,
825 547 1014 578 Celebratum
1037 548 1070 577 ὃ(
1093 545 1269 577 Sollenmza-

205 600 277 623 tum.

240 629 316 660 ΙΤΕ
328 637 372 667 M,
393 627 601 664 Conventum,
619 624 859 662 Concordatum,
878 625 913 656 «Sc
928 624 1107 655 Conclusum
1123 622 1164 654 est
1189 620 1267 660 quod

203 669 296 699 dietus
317 671 376 697 Rex
400 666 527 705 Arigliae,
553 675 606 703 pro
626 665 705 695 dic'to
732 662 925 694 Matrimonio
948 662 1140 693 Illustrissimte
1164 664 1267 690 Mariae

204 707 371 744 antedietae,
389 715 456 736 cum
472 705 542 734 disto
555 702 690 741 Delphina
707 702 887 733 Francorum
906 701 996 741 Regis
1009 701 1204 737 primogenito
1221 699 1269 729 Fi-

206 746 261 784 lio,
287 755 317 777 ut
340 744 499 782 praefertur,
525 743 623 773 habito
645 743 678 773 ὃς
699 742 849 772 contracto
863 763 873 778 ,
899 740 1032 771 Nomine
1055 739 1140 770 Dotis
1162 740 1196 770 ὃς
1217 747 1270 782 pro

206 784 306 822 Dote,
324 784 408 814 dieze
422 780 614 811 Illusttissimae
630 783 734 810 ΑΜιινίιε
749 779 828 810 dabit
853 781 885 812 ὃ(
907 779 1012 818 solvet,
1030 778 1124 809 darive
1145 778 1178 808 δε
1201 777 1270 806 solvi

206 823 292 853 faciet
316 822 386 851 dic‘Zo
407 819 542 858 Delphina
570 819 661 854 eiusve
686 819 833 856 Deputato
862 819 918 848 sive
941 818 1091 855 Deputatis
1119 816 1270 846 Summam

206 865 392 892 {Tricentarum
406 862 531 897 Triginta
544 861 639 887 Trium
657 857 780 887 Millium
794 861 957 886 Coronarum
970 856 1033 886 boni
1054 859 1130 886 Auri
1147 853 1185 890 ᾤ’
1200 853 1270 893 justi

205 902 334 930 Pona'eris
349 898 495 928 Terminis
515 896 613 936 Modis
628 897 661 926 «Sc
683 895 788 926 Forma
803 895 998 935 sequentibus,
1016 895 1164 937 videlicet,

246 941 367 968 Primam
386 936 564 966 Medietatem
579 936 607 965 in
622 935 667 965 die
681 935 930 965 Sollennizationis
947 933 1127 963 Matrimonii
1144 933 1177 962 ὅς
1196 930 1271 961 Tra-

207 977 351 1008 ductionis
372 975 459 1006 didiae
478 973 671 1005 Illustrissimre
692 976 813 1011 Mariae,
827 973 872 1002 seu
893 974 962 1003 intra
981 971 1063 1002 Oeto
1084 971 1153 1001 Dies
1167 979 1269 1001 eXtunc

207 1017 344 1053 proximo
358 1014 517 1054 sequentes,
1000 1049 1005 1053 1

243 1053 280 1084 Et
294 1053 379 1083 aliam
394 1052 573 1082 Medietatem
588 1052 657 1081 intra
672 1050 791 1081 Annum
807 1056 909 1080 extunc
925 1050 1060 1088 proximo
1083 1048 1254 1087 sequentem.

243 1131 259 1147 ³*
280 1129 335 1160 Pro
356 1139 410 1167 qua
427 1129 543 1168 quidem
563 1127 659 1159 Prima
681 1126 828 1157 Solutione
846 1126 902 1157 five
926 1125 1104 1165 Medietate,
1122 1126 1156 1157 ὅτ,
1176 1125 1273 1155 simili-

208 1211 268 1238 Rex
285 1208 318 1238 ὃς
334 1206 499 1245 Delphinus,
512 1214 556 1236 aut
576 1215 677 1236 eorum
696 1205 725 1234 in
744 1214 774 1234 ea
791 1214 868 1242 parte
887 1203 1055 1235 sufficienter
1075 1203 1274 1242 Depputatus,

209 1247 326 1277 Litteras
356 1245 592 1284 Acquietantiales
616 1242 761 1274 distinctas
780 1245 813 1275 &
833 1243 967 1280 separatas
986 1253 1019 1274 ac
1037 1242 1224 1273 sufficientem
1244 1243 1274 1272 in

210 1285 315 1315 Forma
337 1284 412 1323 Juris
431 1285 586 1322 apocham,
607 1281 745 1312 Manibus
767 1281 820 1312 suis
838 1281 1017 1322 subscriptas,
1035 1292 1068 1312 ac
1091 1281 1210 1317 Magnis
1229 1280 1274 1310 Si-

207 1324 282 1360 gillis
302 1323 353 1353 suis
371 1323 506 1361 sigillatas,
525 1322 591 1352 dieti
614 1323 691 1358 Regis
711 1320 825 1358 Angliae
846 1320 1055 1351 Commissariis
1078 1320 1188 1351 dabunt
1216 1328 1273 1350 tra-

209 1362 293 1398 dent,
312 1362 357 1391 seu
375 1361 433 1391 dari
449 1362 482 1394 &
501 1360 570 1390 tradi
589 1361 704 1390 facient.

248 1400 292 1430 l-i*
303 1409 320 1429 E
332 1408 376 1437 iu,
397 1399 605 1437 Convenrum,
625 1397 864 1435 Concordatum,
882 1399 915 1429 &
932 1396 1112 1429 Conclusam
1136 1397 1178 1428 est
1192 1396 1272 1437 quod

207 1439 339 1478 praefatus
354 1442 517 1467 Francorum
531 1441 590 1468 Rex
607 1437 639 1468 δε
661 1436 806 1467 Dominus
821 1435 988 1475 Delphinus,
1006 1447 1075 1468 curn
1092 1437 1275 1467 Auetoritate

210 1479 244 1509 δε
263 1477 390 1515 expreffo
413 1476 555 1507 Consensu
573 1475 697 1514 ejusdem
721 1474 948 1506 Christianiffimi
973 1476 1119 1506 Genitoris
1142 1475 1197 1514 sui,
1227 1484 1275 1515 per

210 1516 342 1553 separatas
367 1515 471 1546 Literas
496 1516 621 1545 Potentes
640 1515 810 1545 eorumdem
830 1518 907 1552 Regii
923 1514 1094 1553 &Delphini
1110 1538 1120 1553 ,
1139 1514 1276 1546 Manibus

208 1554 260 1584 suis
275 1555 454 1593 subscriptas,
470 1555 503 1585 &
520 1553 638 1591 Magnis
653 1553 753 1593 Sigillis
768 1553 819 1584 suis
838 1553 966 1590 sigillatas
980 1564 1031 1592 ,ac
1049 1555 1078 1583 in
1094 1555 1187 1584 debita
1203 1555 1276 1592 Juris

209 1592 304 1624 forma
321 1602 476 1631 conceptas
486 1616 495 1630 ,
510 1593 616 1623 dabunt
633 1591 794 1623 concedent
809 1592 842 1622 &
857 1591 1032 1623 constituent
1046 1602 1079 1623 ac
1096 1593 1276 1629 ailignabunt

209 1632 330 1669 praesatae
356 1631 546 1662 Illustrissimae
572 1633 695 1669 Μανία,
723 1632 752 1661 in
776 1630 916 1668 oppidis,
935 1630 1060 1669 Castris,
1086 1629 1276 1670 Civitatibus,

210 1671 308 1708 Villis,
326 1671 505 1708 Territoriis,
526 1670 580 1700 live
602 1669 766 1706 Dominiis,
791 1679 860 1700 cum
879 1670 1054 1701 omnimoda
1072 1669 1275 1707 Jurifflic'tione

207 1709 380 1740 eorumdem
399 1708 526 1747 suprema
546 1707 641 1739 medi&
658 1709 689 1739 ὃς
716 1707 834 1745 infima,
859 1707 1072 1747 Dignitatibus,
1098 1708 1275 1748 privilegiis,

209 1748 242 1777 ἃ
260 1748 457 1786 Praerogativis
475 1747 706 1786 quibuscunque,
720 1747 803 1777 talem
821 1747 854 1777 ὅ(
869 1755 977 1777 tantam
993 1747 1050 1778 five
1067 1749 1134 1777 tanti
1151 1748 1183 1778 &
1201 1759 1274 1779 con«

210 1786 307 1816 similis
322 1786 430 1817 Valoris
448 1787 544 1817 Annui
563 1785 763 1816 Donationem
778 1793 891 1824 propter
909 1784 1036 1823 Nuptias
1051 1786 1105 1817 sive
1121 1786 1276 1825 Doarium,

209 1825 321 1863 qualem
341 1826 374 1856 &
393 1834 526 1864 quantam
546 1824 636 1864 aliqua
660 1824 775 1861 Regina
800 1824 946 1861 Franciae,
964 1826 997 1856 δε
1016 1824 1169 1863 praesertim
1189 1827 1275 1856 talem

209 1864 243 1895 &
261 1872 367 1894 tantam
386 1874 420 1894 ac
438 1864 506 1894 tanti
529 1864 562 1894 &
583 1862 737 1893 consimilis
754 1861 864 1892 Valoris
887 1862 985 1893 Annui
1005 1864 1118 1903 qualem
1137 1864 1170 1894 &
1188 1874 1276 1903 quan-

211 1910 270 1932 tam
288 1901 500 1933 Prceclariffima
522 1902 654 1932 Domina
670 1925 680 1940 ,
706 1900 836 1931 Celebris
860 1900 1037 1940 Memortae‚
1061 1906 1151 1932 Anna
1175 1906 1277 1941 Regina

211 1944 331 1970 Frentiae
349 1941 444 1978 aliquo
459 1941 609 1978 Tempore
629 1940 705 1970 Vitae
723 1939 778 1971 suae
797 1939 896 1970 habuit
914 1941 1002 1971 tenuit
1021 1942 1055 1972 ὃς·
1075 1941 1214 1979 possedit,
1233 1943 1278 1973 vel

210 1982 320 2016 ,Μηνᾶ-χ
340 1979 449 2017 praefati
465 1979 651 2009 Potentislimi
668 1982 748 2016 Regis
763 1978 877 2016 Angliae
893 1978 983 2009 Soror
1001 1979 1034 2010 &
1052 1979 1180 2010 Franciae
1196 1980 1278 2012 Doa-

211 2019 306 2056 geria,
325 2020 353 2047 in
374 2019 502 2056 praesenti
522 2019 605 2048 habet
623 2018 655 2048 ὃς
675 2017 812 2055 possidet,
838 2018 867 2048 in
886 2018 966 2047 omni
994 2017 1067 2048 Casu
1093 2019 1126 2049 &
1144 2017 1277 2058 Eventu,

210 2057 268 2086 sive
282 2056 432 2095 Delphinus
448 2057 482 2087 ad
499 2056 611 2096 Regem
630 2057 788 2094 pervenerit
808 2056 863 2086 live
879 2066 954 2086 non:
974 2055 1013 2086 Et
1032 2057 1067 2087 de
1083 2057 1185 2088 eodem
1212 2058 1277 2090 Do-

209 2096 268 2125 ario
294 2095 350 2125 sive
377 2095 544 2125 Donatione
569 2104 682 2133 propter
711 2095 838 2133 Nuptias
865 2095 938 2125 adeo
964 2103 1072 2126 certam
1090 2096 1123 2126 &
1148 2097 1275 2128 securam

209 2132 307 2164 reddet
321 2134 353 2164 &
371 2133 552 2170 assecurabit,
569 2135 639 2164 ficut
659 2134 771 2171 praefara
787 2133 921 2163 Domina
934 2136 1026 2163 Anna
1040 2134 1130 2172 olim,
1145 2135 1190 2165 seu
1208 2135 1276 2165 Do-

210 2173 288 2203 mina
304 2175 402 2201 Maria
421 2172 506 2202 hodie
529 2172 688 2211 Doageria,
708 2172 754 2203 vel
773 2171 862 2210 aliqua
879 2172 931 2202 alia
949 2171 1064 2210 Regina
1086 2173 1215 2204 Franciae
1240 2173 1277 2204 de

211 2210 324 2241 Doatio
342 2211 399 2242 sive
421 2210 585 2242 Donatione
604 2218 719 2248 propter
738 2210 864 2248 Nuptias
888 2220 1013 2247 unquam
1039 2220 1113 2242 certa
1131 2213 1165 2243 &
1184 2211 1277 2243 secura

207 2250 253 2279 seu
272 2249 422 2281 affecurata
441 2249 493 2280 fuit
511 2257 557 2280 aut
576 2249 723 2280 assecurari
742 2248 869 2279 debuerit
886 2258 893 2277 z
934 2249 1027 2288 Qiod
1053 2250 1168 2288 quidem
1194 2250 1277 2281 Doa-

209 2288 283 2318 rium
300 2289 354 2318 sive
369 2288 568 2320 Donationem
586 2297 700 2325 propter
714 2287 838 2325 Nuptias
856 2287 968 2325 praefata
989 2287 1169 2318 Illustriffima
1194 2289 1277 2319 Prin-

210 2336 278 2364 ceps
306 2327 439 2357 Domina
465 2329 564 2357 Maria
590 2327 706 2357 habebit
733 2327 840 2356 tenebit
865 2327 898 2357 ὃς
925 2325 1096 2365 possidebit,
1121 2326 1195 2361 Casu
1216 2337 1276 2365 quo

211 2365 360 2403 praefatum
381 2364 547 2402 Delphinum
573 2364 715 2396 Maritum
731 2365 814 2395 suum
833 2365 1026 2401 supervixerit:
1058 2365 1132 2403 Quo
1158 2366 1275 2403 quidem

211 2403 326 2435 Doario
344 2404 400 2433 five
422 2403 606 2440 Donatione,
622 2411 736 2441 propter
760 2402 902 2439 Nuptias,
919 2411 950 2432 ut
974 2402 1152 2442 praedicitur,
1191 2403 1276 2433 aude-

213 2442 256 2472 bit
275 2443 308 2473 &
327 2449 439 2478 utetur,
464 2441 500 2471 ad
514 2441 680 2471 Utilitatem
698 2440 774 2470 suam
795 2441 957 2477 propriam,
979 2441 1007 2469 in
1029 2440 1151 2470 modum
1206 2442 1277 2472 oarii

211 2481 267 2510 five
283 2480 455 2510 Donationis
473 2482 586 2517 propter
602 2478 745 2518 Nuptias,
764 2477 898 2516 quamdiu
921 2479 1019 2509 vixerit
1036 2479 1065 2509 in
1084 2479 1224 2518 humanis,
1244 2482 1275 2511 in

212 2520 295 2549 omni
312 2518 385 2548 Casu
405 2520 437 2550 &
463 2518 593 2556 Eventu,
610 2517 667 2548 sive
689 2516 840 2555 Delphinus
857 2516 892 2547 ad
908 2516 1026 2554 Regem
1046 2520 1201 2555 pervenerit
1221 2519 1275 2550 sive

212 2568 291 2596 non,
305 2558 469 2597 ubicunque
487 2557 638 2587 Locorum
655 2554 774 2586 Moram
790 2557 922 2593 traxerit,
940 2556 997 2587 sive
1016 2556 1183 2588 habitaverit
1202 2559 1274 2589 intra

211 2595 349 2635 Regnum
365 2595 493 2626 Franci-se
512 2595 556 2626 vel
573 2596 601 2625 in
617 2595 727 2632 Regno
750 2594 866 2631 Angliae
878 2594 924 2625 seu
936 2595 1019 2632 alibi,
1039 2595 1097 2625 tam
1111 2595 1199 2627 libere
1213 2607 1276 2627 am-

211 2635 259 2673 ple
276 2636 308 2666 &
328 2634 425 2664 secure
466 2635 531 2664 uam
551 2633 627 2664 dieia
650 2633 781 2664 Domina
803 2636 912 2671 Anna,
928 2636 972 2664 ieu
1002 2633 1134 2665 Domina
1158 2639 1276 2674 Maria,

211 2674 257 2704 vel
276 2674 365 2711 aliqua
380 2673 430 2703 alia
445 2645 570 2710 (lRegina
591 2672 720 2703 Franciae
745 2676 884 2710 umquam
901 2673 988 2702 tenuit
1006 2672 1103 2704 habuit
1123 2674 1156 2705 Sc
1176 2674 1274 2712 poffe-

211 2712 270 2742 dit:
291 2712 465 2749 Licebitque
482 2711 607 2751 praefatae
628 2710 821 2742 illustrissimae
844 2713 966 2750 Μανίαν,
991 2710 1066 2742 Casu
1087 2722 1145 2750 quo
1163 2714 1275 2743 di&um

214 2750 380 2789 Delphinum
399 2750 578 2788 supervixerit
595 2750 652 2780 tam
680 2750 768 2780 libere
791 2750 825 2780 δε
848 2749 942 2780 secure
961 2749 1034 2780 infra
1059 2750 1169 2781 dictum
1195 2751 1276 2789 Reg-

215 2800 287 2820 num
304 2790 431 2820 Franciae
453 2796 617 2827 permanere
629 2811 639 2827 ,
655 2799 688 2819 ac
708 2787 773 2817 inde
793 2788 822 2818 in
840 2787 978 2826 Regnum
994 2788 1106 2828 Angli-2
1124 2800 1170 2820 aut
1189 2790 1275 2821 alium

216 2828 330 2858 Locum
350 2837 565 2866 quemcunque,
582 2835 652 2857 cum
669 2826 812 2865 Jocalibus
836 2826 917 2856 Auro
937 2828 971 2858 δε
993 2827 1125 2863 Argento
1141 2839 1174 2859 ac
1193 2830 1276 2860 omni

212 2866 409 2906 Suppellefflle
428 2867 496 2904 suo,
522 2867 555 2897 &
582 2865 775 2895 Servientibus
801 2864 996 2896 Familiaribus
1016 2866 1049 2896 &
1077 2866 1275 2906 Officialibus,

213 2914 247 2934 ac
267 2905 325 2935 aliis
340 2905 393 2935 suis
415 2904 515 2934 Rebus
542 2904 769 2942 quibuscunque,
795 2902 890 2933 secure
913 2905 974 2934 tute
1001 2905 1137 2936 &libere
1165 2908 1277 2945 venire,

213 2944 248 2975 <Sc
266 2943 374 2973 ibidem
394 2942 526 2981 quamdiu
546 2942 667 2973 voluerit
696 2941 817 2972 Moram
836 2942 959 2980 trahere,
975 2943 1010 2972 ὃς
1031 2943 1110 2974 illinc
1139 2945 1168 2975 in
1192 2945 1277 2981 Reg-

211 2991 282 3012 num
299 2981 426 3012 Franci-e.
444 2981 548 3019 redire,
568 2982 700 3018 quotiens
711 2981 743 3011 δε
759 2979 875 3018 quando
889 2981 984 3011 eidem
999 2980 1191 3013 Illustriffimae
1209 2987 1275 3013 Ma-

213 3023 262 3050 riae
281 3020 430 3059 placuerit,
450 3020 554 3057 absque
572 3028 641 3049 tunc
663 3022 740 3057 Regii·
765 3022 928 3048 Francorum
947 3028 991 3049 aut
1009 3020 1134 3058 cujusvis
1150 3022 1275 3061 alterius,

214 3059 406 3098 cujuscunque
422 3058 515 3088 status
529 3057 644 3088 Gradus
659 3067 705 3088 aut
720 3057 903 3088 Conditionis
921 3057 1033 3097 existat,
1050 3061 1276 3092 contradictione

214 3097 414 3127 molestatione
433 3097 478 3127 vel
494 3097 704 3134 impedimento
722 3105 910 3136 quocunque:
933 3096 1012 3135 Quas
1031 3098 1147 3135 quidem
1171 3099 1277 3130 Literas

213 3135 344 3166 Patentes
357 3135 457 3166 Doarii
478 3135 533 3166 sive
548 3135 720 3165 Donationis
737 3143 851 3172 propter
866 3135 1007 3173 Nuptias,
1025 3137 1053 3166 in
1071 3136 1166 3168 forma
1181 3138 1277 3170 debita

213 3175 304 3205 valida
322 3175 354 3205 &
374 3174 487 3204 efficaci
502 3173 657 3211 confeffls,
675 3174 803 3212 praefatus
818 3175 878 3202 Rex
893 3177 1057 3205 Francorum
1070 3176 1103 3209 ὅς
1116 3176 1278 3215 Delphinus,

215 3213 260 3243 die
287 3214 320 3244 &
344 3214 412 3243 loco
437 3211 676 3243 Sollennisarionis
703 3211 887 3242 Matrimonii
914 3213 1061 3251 praedie'ti,
1088 3223 1152 3244 ante
1178 3224 1275 3246 tamen

213 3252 344 3282 csnidem
366 3250 658 3288 Sollennizationem,
676 3249 884 3281 Cominiffario
904 3251 959 3281 five
979 3251 1188 3283 Commiiiariis
1206 3255 1276 3285 dieti

215 3293 293 3326 Regis
308 3289 441 3327 Angliae,
458 3298 528 3320 tunc
548 3290 678 3327 praesenti
696 3289 740 3320 vel
759 3289 958 3328 praesentibus,
976 3290 1068 3320 eidem
1086 3294 1150 3328 Regi
1163 3292 1275 3329 Angliae

213 3329 306 3366 ejusve
320 3328 494 3359 Haeredibus
511 3337 557 3359 aut
572 3327 785 3358 Succefforibus
805 3328 964 3365 tradendas,
983 3328 1017 3359 ad
1034 3328 1128 3359 Usum
1149 3332 1182 3362 &
1204 3331 1276 3361 Uti-

214 3366 319 3396 litatem
337 3367 461 3405 praefatae
478 3365 669 3397 Illustrisfimae
693 3368 795 3395 Maria
804 3389 814 3404 ,
831 3366 919 3397 tradet
935 3366 980 3398 seu
998 3367 1070 3397 tradi
1086 3367 1185 3407 faciet,
1204 3369 1277 3400 Pro-

215 3404 274 3433 viso
293 3406 398 3444 semper
417 3405 499 3445 quud
523 3403 640 3435 Minuta
664 3405 698 3435 ὃς
716 3414 816 3436 verum
839 3404 1011 3442 Exemplum
1035 3406 1175 3437 dictarum
1200 3408 1276 3439 Lite-

214 3452 308 3472 rarum
323 3444 500 3482 Parentium,
516 3454 564 3481 per
589 3443 768 3481 Quindecim
786 3442 856 3472 Dies
875 3452 938 3474 ante
961 3443 1187 3476 TraduCtionem
1206 3457 1276 3484 prte—

215 3479 280 3509 fatae
296 3480 484 3513 Illustriliimae
500 3485 604 3512 Mariae
624 3483 760 3520 proximo
775 3482 981 3520 praecedentes,
996 3484 1139 3514 mittantur
1153 3484 1188 3515 ad
1203 3495 1276 3522 prae-

214 3517 307 3561 fatum
330 3523 424 3556 Regem
447 3521 562 3559 Angliae
580 3522 613 3552 &
632 3521 691 3559 ejus
705 3520 892 3558 Concilium,
910 3521 945 3551 ad
963 3521 1100 3552 effedtum
1116 3531 1145 3554 ut
1165 3523 1271 3554 matura

217 3556 428 3600 Delibeiatione
445 3560 608 3598 videantur,
627 3559 807 3597 inspiciantur
818 3581 827 3596 ,
846 3560 879 3590 &
897 3561 1106 3598 examinentur,
1123 3571 1158 3592 ari
1176 3562 1205 3591 in
1221 3563 1276 3592 bo—

217 3605 268 3638 na,
285 3596 452 3641 sufficienti,
475 3599 579 3635 valida,
604 3599 637 3630 ὃς
656 3598 767 3629 efficaci
790 3597 884 3628 forma
911 3597 978 3629 fiant
1001 3600 1035 3630 &
1061 3600 1275 3640 concipiantur,

217 3643 246 3662 in
264 3633 469 3664 Commodum
487 3636 520 3665 &
540 3637 705 3668 Utilitatem
723 3636 808 3668 dit-'tae
825 3635 963 3667 Domtnae
982 3640 1094 3667 Mariae.

253 3670 390 3715 Imm-1,
429 3671 614 3704 Conventum
630 3699 639 3714 ,
670 3674 888 3706 Concordatum
908 3697 917 3712 ,
951 3675 984 3706 &
1022 3675 1200 3706 Conclusum
1232 3676 1274 3706 est

217 3710 296 3753 quod
305 3733 315 3749 ,
338 3713 374 3747 ii,
387 3710 528 3754 celebrato
544 3712 622 3754 ᾀίἃο
638 3713 848 3751 Matrimonio,
864 3712 993 3750 praefatus
1012 3714 1161 3753 Delphinus
1176 3714 1275 3746 deces-

217 3748 296 3789 serit,
313 3748 448 3785 praedicta
465 3748 647 3793 illustrissima
662 3752 761 3782 Mariti
775 3751 1008 3790 superstite‚tunc
1024 3752 1135 3790 praefata
1148 3752 1275 3783 Illustris-

217 3790 395 3828 nma'Meiria
411 3787 499 3817 Uxor
514 3796 571 3823 ejus
586 3811 595 3824 ,
623 3793 676 3820 live
700 3791 828 3822 habuerit
849 3790 968 3821 Liberos
982 3800 1017 3821 ex
1029 3802 1065 3822 eo
1080 3791 1136 3822 five
1150 3801 1206 3821 non
1223 3792 1274 3822 ha-

214 3822 321 3870 bkylfflt)
338 3835 397 3870 ¹10¹}
413 3825 505 3855 solum
521 3824 629 3869 Dotem
650 3830 682 3859 &
706 3830 847 3860 Doarium
867 3829 923 3860 sive
942 3829 1138 3861 Donationem
1157 3839 1272 3869 propter

215 3859 462 3906 hU'i''[¹³},·eidem
478 3862 666 3896 Illustriffimae
679 3871 783 3897 Mariae
803 3878 851 3905 per
868 3867 1033 3905 Delphinum
1054 3868 1159 3898 Filium
1174 3868 1274 3908 suum,

213 3897 248 3928 de
265 3905 368 3935 primiti
380 3905 458 3939 Regis
473 3903 609 3931 Genitoris
624 3902 662 3933 sui
677 3905 838 3944 Consensu,
848 3914 877 3936 ut
893 3908 1055 3945 praefertur,
1070 3906 1272 3945 affignata,da-

211 3945 252 3973 ta,
266 3939 456 3976 conceffa,&
468 3938 636 3983 affectirata,
652 3945 777 3982 tenebit,
800 3945 950 3975 lucrabitur
970 3946 1004 3976 ὃς
1027 3944 1177 3983 possidebit
1199 3947 1271 3976 tam-

210 3984 297 4018 quam
316 3975 392 4007 Bona
407 3978 451 4008 sua
469 3988 579 4022 propria
594 3978 710 4011 durante
726 3983 793 4013 Vitii
807 3982 852 4012 sust
874 3983 1114 4021 naturali,vertim
1129 3984 1213 4014 etiam
1228 3984 1272 4016 lu-

208 4014 331 4045 crabitur
350 4015 382 4045 &
401 4015 554 4054 poffidebit
577 4026 679 4049 omnes
703 4020 735 4049 ἃ
762 4020 879 4058 singulas
901 4021 1042 4059 Expensas
1067 4022 1271 4057 TraduCtioni's

1304 360 1368 393 rum
1388 350 1491 381 habete
1506 374 1515 390 ,
1543 352 1649 383 lucrari
1672 355 1706 385 &
1731 354 1869 392 poffidere
1890 354 2096 386 consueverunt
2124 366 2171 386 aut
2194 356 2370 393 debuerunt,

1304 388 1466 432 eisdemque
1481 392 1617 434 omnibus
1633 392 1666 423 &
1689 393 1803 430 singulis
1825 394 1921 432 quiete
1939 393 1971 423 δί
1990 394 2079 424 libere
2098 403 2189 425 utetur
2208 395 2241 424 ὃ(
2265 394 2371 431 gaude-

1305 428 1348 471 bit
1368 426 1484 458 durante
1501 428 1569 460 Vita
1585 429 1632 460 suit
1649 431 1781 469 naturali,
1798 432 1854 462 five
1870 441 1903 461 ex
1919 431 1975 462 isto
1994 431 2189 463 Matrimonio
2203 432 2299 463 Proles
2312 433 2373 463 fue-

1306 476 1340 495 rit
1358 465 1480 510 suscitata
1495 467 1550 498 five
1568 478 1648 512 non,
1662 470 1825 513 ubicunque
1842 470 2011 508 Locorum,
2029 479 2060 500 ut
2078 471 2239 510 praefertur,
2250 471 2371 502 Moram

1306 513 1419 548 traxerit
1439 508 1496 537 live
1521 506 1703 546 habitaverit,
1732 518 1778 539 aut
1795 507 1915 539 Moram
1931 508 2039 539 trahere
2058 508 2115 540 five
2131 509 2256 541 habitare
2272 509 2370 541 volue-

1305 552 1350 574 rit.

1345 581 1389 613 ΙΤ
1400 591 1474 622 EM,
1497 583 1572 615 Casu
1589 594 1648 625 quo
1662 584 1740 615 dista
1757 584 1938 616 illustriflima
1957 589 2056 616 Maria
2070 608 2080 624 ,
2106 585 2238 625 Delphino
2261 586 2373 618 Marito

1308 620 1358 651 suo
1375 621 1548 662 Super-stite,
1566 625 1814 662 moriatur,nullis
1833 625 1935 655 relinitis
1952 635 1985 656 ex
2003 625 2062 655 hoc
2079 624 2268 656 Matrimonio
2286 625 2375 656 Libe-

1307 661 1435 698 ris,tunc
1454 663 1488 693 &
1505 663 1534 692 in
1553 672 1590 693 eo
1606 661 1679 693 Casu
1698 662 1791 693 dicitus
1808 663 1960 701 Delphinus
1979 663 2109 701 Dotem,
2124 664 2178 694 una
2194 674 2262 694 cum
2277 665 2374 695 omni-

1308 700 1358 728 bus
1373 698 1459 730 Bonis
1481 701 1636 732 mobilibus
1649 701 1773 740 ejusdem
1794 701 1987 733 lllustriffimae
2005 705 2128 740 Μανία»,
2140 702 2324 740 consequetur
2339 704 2374 735 ὃς

1308 737 1449 781 habebit,
1473 749 1506 770 ac
1523 739 1675 771 lucrabitur
1694 742 1723 770 in
1746 750 1884 779 quantum
1903 741 1935 772 &
1952 751 1987 771 eo
2014 741 2108 771 modo
2126 751 2185 779 quo
2202 741 2314 771 solitum
2333 741 2374 771 est

1308 775 1366 806 fieri
1384 776 1541 809 secundum
1560 779 1806 810 Consuetudinem
1826 779 1923 816 Regni
1943 780 2089 819 Franciae,
2102 782 2136 812 ὃς
2157 781 2283 810 maxime
2303 781 2383 814 inter.

1308 814 1406 850 Reges
1423 816 1445 846 F
1448 818 1549 847 ranciae
1563 818 1596 848 &
1618 817 1761 858 Reginas:
1787 818 1824 848 Et
1843 817 1916 849 Casu
1935 829 1993 856 quo
2013 819 2091 850 dieta
2114 822 2234 849 Domina
2258 821 2375 857 Maria,

1309 853 1445 892 Delphino
1463 855 1618 893 Superstite
1632 879 1641 894 ,
1679 858 1874 895 pree-moriatur
1888 879 1898 894 ,
1920 857 2024 888 relic'tis
2044 867 2078 887 ex
2099 858 2158 888 hoc
2180 857 2376 888 Matrimonii>

1309 892 1422 923 Liberis
1435 916 1444 932 ,
1483 903 1552 925 tunc
1570 895 1603 925 &
1629 897 1658 925 in
1677 906 1713 926 eo
1729 895 1804 926 Casu
1821 895 1891 925 dieti
1915 895 2013 925 Liberi
2028 897 2171 933 integram
2193 896 2295 926 Matris
2313 895 2380 926 Do—

1310 940 1369 961 tem
1393 933 1599 971 consequentur
1616 934 1650 965 &
1668 943 1812 972 repetent,
1836 933 1925 964 modo
1944 935 1977 964 <Sc
1995 934 2090 965 forma
2107 935 2229 972 superius
2249 935 2374 973 descrip-

1310 973 1346 1000 tis
1364 972 1464 1008 quibus
1486 971 1580 1002 Mater
1604 981 1730 1011 repetere
1748 972 1881 1012 potuisset
1905 981 1953 1002 aut
1970 971 2121 1011 debuerit,
2147 973 2257 1011 Jocalia
2284 978 2378 1012 vero,

1310 1008 1471 1048 Gemmas,
1487 1010 1608 1049 Lapides
1622 1012 1769 1047 pretiosos,
1782 1011 1938 1049 Vestes,&
1955 1010 2139 1041 Foderaturas
2154 1011 2245 1042 didius
2264 1011 2376 1042 Domi-

1311 1058 1363 1078 nus
1382 1048 1534 1087 Delphinus
1550 1050 1735 1088 consequetur
1753 1051 1785 1081 δε
1807 1050 1963 1080 lucrabitur
1978 1071 1987 1087 ,
2012 1050 2042 1079 in
2066 1048 2381 1088 Recompensationem

1311 1086 1486 1124 Sumptuum
1503 1088 1684 1118 Funeralium
1701 1089 1789 1119 dietae
1806 1091 1932 1118 Dominae
1949 1091 2061 1117 Μανία).

1350 1125 1393 1155 17-
1404 1135 1421 1156 E
1433 1135 1480 1164 M,
1498 1136 1526 1157 ut
1546 1127 1681 1165 praedidta
1699 1127 1840 1168 Sponsalia
1859 1129 1891 1157 δε
1911 1126 2132 1157 Matrimonium
2154 1127 2227 1157 inter
2250 1127 2382 1165 praefatos

1311 1163 1459 1203 Principes
1476 1166 1644 1203 Francisc‘um
1662 1167 1695 1197 ὃς
1715 1169 1842 1196 Mariam
1859 1166 1962 1204 Locis,
1980 1165 2140 1204 Terminis,
2157 1164 2329 1205 Modisque,
2345 1167 2381 1198 ὃς

1311 1203 1428 1234 'Formis
1452 1205 1612 1244 supradietis
1636 1215 1706 1236 cum
1733 1205 1839 1236 effestu
1864 1204 2065 1235 contrahantur
2091 1205 2124 1235 ὅτ
2154 1204 2382 1244 solemnizentur,

1312 1241 1535 1273 Concordatum
1553 1244 1586 1274 &
1605 1243 1781 1274 Conclusum
1799 1244 1858 1282 est,
1876 1245 1948 1274 inter
1966 1243 2098 1274 Oratores
2114 1243 2283 1282 praedietos,
2297 1245 2381 1282 quod

1312 1282 1442 1318 praefatus
1459 1285 1621 1311 Francorum
1639 1286 1699 1312 Rex
1718 1282 1983 1320 Chi-istianiffimus,
2003 1292 2050 1320 per
2070 1282 2178 1312 Literas
2196 1282 2254 1312 suas
2278 1282 2379 1314 Paten-

1312 1328 1367 1356 tes,
1388 1319 1500 1358 Magno
1518 1319 1566 1350 suo
1584 1321 1684 1359 sigillo
1702 1321 1870 1358 vallatas,&
1890 1320 1984 1351 Manu
2005 1319 2051 1350 sua
2069 1320 2232 1357 subscriptas
2239 1323 2379 1358 ,praefflo

1315 1357 1498 1389 Sereniffimo
1517 1361 1582 1397 Regi
1599 1359 1732 1398 Angliae,
1751 1359 1937 1398 Haeredibus,
1955 1360 1989 1391 ὅ(
2007 1358 2220 1390 Succefforibus
2238 1358 2288 1389 suis
2305 1359 2384 1390 obli-

1333 1398 1389 1428 abit
1406 1397 1459 1435 Se,
1475 1397 1623 1436 Haeredes,
1643 1401 1675 1429 &
1695 1398 1875 1430 Successores
1892 1398 1955 1429 suos
1962 1421 1972 1436 ,
1991 1397 2108 1436 Regna,
2127 1396 2383 1436 Teri*as,Patrias,

1348 1437 1473 1475 ominia,
1487 1436 1590 1474 Villas,
1610 1438 1643 1468 &
1661 1436 1755 1475 Opida
1778 1437 1822 1467 sui
1840 1441 2021 1476 quaecunque
2033 1459 2043 1474 ,
2067 1446 2101 1466 ac
2120 1435 2199 1466 Bona
2222 1436 2267 1466 sua
2285 1447 2383 1468 omnia

1314 1475 1346 1505 ὃς
1363 1475 1469 1512 singula
1489 1477 1606 1507 mobilia
1620 1477 1653 1507 ὃς
1669 1477 1828 1506 immobilia
1842 1500 1852 1515 ,
1885 1475 2027 1512 praesentia
2043 1475 2077 1505 &
2098 1475 2190 1505 futura
2218 1476 2382 1513 ubicunque

1314 1513 1417 1544 fuerint
1436 1524 1560 1553 reperta,
1578 1526 1694 1546 necnon
1712 1514 1843 1545 Personas
1863 1524 1895 1544 ac
1914 1514 1991 1544 Bona
2007 1514 2141 1544 omnium
2157 1515 2192 1545 ὃς
2206 1513 2382 1552 singulorum

1313 1551 1500 1584 Subditorum
1518 1552 1650 1592 suorum,
1664 1554 1856 1592 cujuscunque
1875 1551 2176 1590 Gi·adt“is,Statt”is,aut
2195 1551 2382 1583 Conditionis

1313 1591 1449 1630 existant,
1466 1593 1517 1623 sub
1533 1593 1625 1624 Poena
1645 1596 1848 1633 quivgentorum
1863 1591 1977 1621 millium
1995 1594 2160 1621 Coronarum
2177 1593 2275 1629 Auri,
2300 1591 2383 1630 quod

1334 1631 1484 1661 raediistum
1503 1632 1721 1662 Matrimonium
1742 1633 1812 1662 inter
1831 1631 2000 1668 praedic'tum
2016 1632 2166 1668 Principem
2182 1632 2215 1662 ὃς
2232 1631 2383 1668 praefatam

1330 1669 1530 1700 llustrissimam
1548 1671 1717 1708 Mariam,fi
1733 1670 1768 1701 ad
1787 1670 1947 1707 legitimam
1967 1668 2094 1700 nubendi
2115 1677 2228 1699 aetatem
2246 1678 2383 1706 pervene-

1313 1709 1348 1738 rit
1364 1731 1373 1746 ,
1397 1718 1430 1738 ac
1446 1710 1546 1739 omnia
1559 1710 1592 1741 &c
1608 1709 1732 1745 lingula,
1748 1710 1775 1738 in
1789 1709 1847 1739 hoc
1860 1709 1997 1739 Tradmtu
2012 1707 2237 1746 comprehensa,
2253 1708 2382 1739 debitum

1310 1747 1388 1784 juxta
1403 1746 1530 1777 formam
1553 1748 1692 1787 praesentis
1714 1746 1865 1778 Traetatfis
1875 1747 2023 1778 sortientur
2038 1745 2196 1778 effectum:

1353 1785 1390 1815 Et
1405 1786 1485 1824 quod
1501 1796 1593 1824 neque
1612 1797 1662 1824 per
1675 1787 1729 1824 Se,
1743 1796 1836 1825 neque
1850 1796 1898 1823 per
1918 1786 2006 1816 alium
2021 1795 2196 1824 quemquam
2213 1809 2223 1824 ,
2246 1785 2320 1816 clam
2336 1785 2385 1817 vel

1313 1825 1425 1861 aperte,
1445 1825 1552 1855 direffi:
1568 1825 1612 1855 vel
1629 1825 1765 1856 indirecte
1781 1848 1791 1864 ,
1816 1824 1978 1863 procurabit
1993 1833 2039 1855 aut
2061 1825 2209 1862 procurari
2232 1824 2317 1854 faciet
2337 1824 2384 1855 seu

1313 1864 1477 1900 procuranti
1495 1863 1644 1894 Assensum
1660 1864 1803 1902 praestabit
1818 1863 1899 1903 quod
1909 1886 1918 1902 ,
1937 1863 2055 1893 durante
2075 1863 2188 1893 minore
2202 1870 2285 1892 aetate
2300 1863 2383 1893 Prin-

1315 1902 1412 1938 cipum
1430 1902 1651 1941 praedietorum,
1664 1912 1709 1932 aut
1725 1902 1834 1933 alterius
1848 1901 2040 1940 eorumdem,
2063 1901 2109 1931 vel
2133 1902 2219 1933 etlam
2244 1901 2308 1938 post
2322 1901 2384 1939 lap-

1314 1939 1375 1970 sum
1396 1940 1537 1979 ejusdem,
1556 1941 1647 1971 didius
1663 1941 1813 1980 Delphinus
1830 1941 1974 1979 Sponsalia
1997 1950 2045 1977 per
2069 1940 2162 1970 Verba
2188 1939 2224 1970 de
2248 1939 2386 1971 Praesenti

1316 1988 1386 2008 cum
1406 1979 1456 2009 ali-a
1480 1981 1749 2018 contrahat3immo
1765 1990 1817 2018 pro
1832 1980 1937 2010 viribus
1951 1978 2004 2009 suis
2022 1978 2137 2009 Volenti
2156 1977 2386 2016 reiistet,Impc-

1315 2017 1477 2049 dimentum
1492 2018 1650 2056 praestabit,
1663 2018 1880 2058 providebitque
1894 2019 1932 2048 ne
1948 2018 1975 2047 id
1993 2027 2040 2055 per
2055 2017 2203 2057 praefatuin
2217 2016 2384 2054 Delphinum

1315 2055 1361 2086 fiat
1378 2058 1574 2088 committatur
1587 2066 1632 2088 aut
1643 2058 1745 2097 quovis
1761 2057 1851 2087 modo
1865 2064 2045 2094 attemptetur
2055 2066 2077 2097 ·.⁴

1352 2095 1487 2135 Idemque
1510 2099 1571 2125 Rex
1593 2099 1757 2125 Francorum
1777 2096 1886 2127 realiter
1901 2098 1933 2127 δε
1948 2105 2015 2126 cum
2031 2093 2138 2124 effectu
2150 2093 2234 2124 faciet
2255 2095 2289 2126 &
2304 2104 2386 2126 cura-

1313 2134 1358 2164 bit
1372 2136 1451 2172 quod
1475 2133 1651 2165 Illustriffimi'
1674 2134 1846 2172 Spe&abiles
1863 2135 1895 2165 &
1913 2133 2063 2164 Clarissimi
2076 2132 2202 2163 Domini
2218 2144 2229 2171 3
2252 2132 2385 2165 videlicet

1315 2172 1426 2201 Carolus
1447 2176 1517 2203 Dux
1534 2172 1708 2212 Allenconii,
1723 2172 1834 2203 Carolus
1849 2176 1919 2203 Dux
1934 2172 2081 2209 Burbonii,
2094 2171 2252 2201 Ludovicus
2266 2175 2334 2201 Dux
2352 2174 2385 2202 de

1313 2212 1342 2238 V
1343 2210 1486 2249 indocinii,
1495 2213 1527 2243 &
1547 2211 1701 2241 Ludovicus
1716 2213 1842 2250 Princeps
1855 2213 1888 2242 de
1900 2210 2120 2251 Ruposuerionis,
2133 2220 2183 2247 per
2202 2210 2312 2241 Literas
2327 2212 2386 2241 suas

1313 2247 1442 2280 Patentes
1456 2249 1558 2280 validas
1573 2251 1605 2280 &
1619 2250 1878 2288 efficaces,Sigillis
1892 2251 2046 2279 Armorum
2063 2249 2175 2278 tuorum
2191 2248 2331 2286 iigiuatis,
2345 2251 2381 2281 <Sc

1314 2285 1452 2317 Manibus
1468 2289 1519 2318 suis
1533 2288 1709 2324 subscriptas:
1732 2288 1861 2318 Necnon
1883 2288 2026 2324 primaria:
2042 2285 2178 2316 Civitates
2201 2287 2257 2316 live
2279 2286 2380 2325 opida

1314 2323 1408 2363 Regni
1432 2326 1498 2364 sui,
1523 2325 1671 2364 videlicet,
1697 2325 1804 2356 Civitas
1826 2324 1997 2364 Parifienfh,
2012 2324 2123 2354 Civitas
2145 2324 2382 2366 Rothomagonfis,

1314 2361 1424 2394 Civitas
1438 2363 1663 2403 Aurelianenfis,
1678 2364 1786 2395 Civitas
1800 2362 1999 2402 Lugdunensis,
2021 2363 2055 2402 δε
2073 2362 2184 2393 Civitas
2207 2365 2363 2404 {luroiienfis
2371 2388 2383 2404 ,

1314 2408 1373 2432 tam
1396 2412 1460 2433 uam
1477 2402 1608 2440 Corpora
1632 2404 1665 2434 &
1692 2402 1825 2440 Collegia
1854 2413 1888 2434 ac
1916 2405 2001 2433 ctiam
2028 2410 2174 2439 tamquam
2203 2403 2383 2440 particulares

1315 2413 1445 2472 Pershnae
1463 2442 1510 2480 qui
1529 2451 1605 2471 nunc
1627 2441 1688 2471 sunt
1703 2443 1736 2473 ὃ(
1752 2443 1798 2481 qui
1814 2451 1866 2479 pro
1884 2450 2015 2481 ternpore
2037 2449 2137 2478 erunt,
2153 2441 2190 2471 ita
2213 2441 2295 2479 quod
2310 2442 2382 2472 Ob-

1314 2479 1408 2518 ligatio
1431 2479 1572 2517 Corporis
1588 2480 1632 2510 seu
1648 2478 1775 2518 Collegii
1789 2490 1848 2511 non
1872 2479 1988 2519 deroget
2011 2479 2191 2517 Obligationi
2206 2481 2382 2520 particulari,

1314 2528 1368 2549 nec
1389 2520 1405 2549 e
1423 2527 1541 2558 contra,
1556 2528 1604 2557 per
1620 2518 1727 2550 Literas
1741 2519 1798 2549 suas
1812 2518 1943 2550 Patentes
1959 2517 2062 2549 validas
2075 2520 2109 2549 δε
2132 2517 2280 2557 efficaces,
2292 2519 2381 2557 Sigil-

1312 2556 1344 2586 lis
1360 2558 1566 2588 communibus
1581 2557 1719 2596 figulat-as,
1736 2559 1853 2594 praefato
1868 2560 1933 2595 Regi
1946 2556 2058 2593 Angliae
2074 2556 2247 2588 Haeredibus
2258 2560 2292 2590 ὃς
2308 2559 2382 2589 Suc-

1313 2595 1468 2626 cefforibus
1485 2596 1535 2626 suis
1550 2596 1715 2634 obligabunt
1729 2595 1765 2627 Se
1780 2596 1917 2627 Haeredes
1933 2597 1967 2627 δε
1983 2593 2166 2626 Success‘ores
2187 2596 2267 2635 suos,
2291 2596 2378 2628 Viuas

1313 2634 1431 2675 Oppida
1443 2645 1476 2665 ac
1497 2645 1598 2665 omnes
1618 2635 1652 2666 ὅ(
1672 2635 1794 2672 singulos
1812 2635 1980 2675 Oppidanos
2004 2644 2057 2673 pro
2077 2642 2206 2674 tempore
2228 2634 2381 2667 existentes

1313 2675 1347 2705 &
1362 2673 1595 2704 Communitates
1609 2673 1683 2711 suaS,
1693 2683 1726 2704 ac
1740 2676 1837 2705 omnia
1855 2675 1888 2705 &
1903 2672 2010 2710 fingula
2025 2673 2122 2711 Bona,
2136 2674 2255 2705 mobilia
2275 2676 2308 2706 &
2323 2676 2381 2705 im-

1315 2712 1435 2743 mobilia
1448 2713 1592 2750 praesentia
1605 2712 1637 2742 &
1654 2712 1745 2743 futura
1760 2714 1924 2751 ubicunque
1946 2712 2050 2742 fuerint
2071 2720 2181 2750 reperta
2194 2735 2204 2750 ,
2225 2712 2276 2742 sub
2289 2713 2382 2744 Poena

1313 2755 1519 2792 quingentarum
1532 2750 1645 2781 millium
1659 2755 1820 2781 Coronarum
1838 2750 2019 2789 Auri,quod
2035 2750 2206 2790 praedffiturn
2222 2749 2382 2782 Matrimo-

1315 2791 1394 2820 nium
1411 2791 1481 2820 inter
1495 2791 1734 2828 praenominatum
1749 2790 1913 2828 Principem
1931 2790 2100 2828 Franciscum
2114 2789 2148 2820 &
2161 2788 2381 2821 illustrissimam

1314 2832 1457 2867 Mariani,
1475 2830 1543 2859 ctim
1558 2829 1593 2860 ad
1609 2836 1747 2859 maturam
1762 2829 1795 2860 δε
1811 2829 1969 2868 legitimam
1991 2827 2117 2858 nubendi
2141 2836 2257 2858 oetatem
2277 2838 2381 2866 perve-

1314 2869 1422 2907 nerint,
1437 2878 1468 2899 ac
1491 2869 1590 2898 omnia
1612 2867 1645 2897 δε
1665 2866 1766 2907 fingula
1781 2868 1812 2898 iu
1829 2868 1886 2898 hoc
1903 2866 2040 2898 Traetatu
2056 2865 2276 2905 comprehensa,
2304 2868 2380 2904 quta

1314 2906 1436 2936 formam
1452 2906 1593 2944 praesentis
1608 2905 1778 2943 Tmo-itus,
1793 2916 1824 2937 ut
1836 2905 2033 2946 praemittitur,
2047 2904 2145 2935 debite
2161 2904 2359 2943 perficientur:

1352 2945 1406 2983 Et,
1419 2946 1439 2975 fi
1453 2946 1526 2976 forte
1539 2945 1644 2976 steterit
1657 2953 1705 2975 aut
1725 2944 1808 2976 stabit
1823 2955 1873 2983 per
1888 2943 2037 2982 praefatum
2051 2942 2215 2982 Delphinum
2228 2966 2239 2982 ,
2263 2945 2310 2976 vel
2324 2944 2381 2976 Pa-

1315 2993 1405 3014 rentes
1420 2983 1483 3014 suos
1500 3006 1510 3022 ,
1536 2984 1582 3014 vel
1595 2993 1698 3014 eorum
1712 2983 1852 3023 aliquem,
1872 2992 1918 3014 aut
1931 2982 2018 3014 alium
2037 2991 2257 3022 quemcunque,
2268 2992 2315 3014 aut
2330 2994 2380 3025 per

1314 3032 1516 3060 quemcunque
1532 3022 1660 3053 Modum
1682 3022 1738 3053 sive
1758 3023 1902 3053 Eventum
1916 3044 1926 3060 ,
1953 3030 2140 3060 praeterquam
2159 3031 2209 3061 per
2231 3023 2381 3060 praefatam

1315 3061 1530 3092 illustrissimam
1549 3064 1674 3091 Mariam
1719 3071 1766 3092 aut
1783 3062 1839 3099 ejus
1852 3060 1984 3099 Partem,
1997 3060 2041 3090 vel
2056 3069 2107 3098 per
2122 3059 2257 3091 Mortem
2270 3061 2380 3092 alterius

1316 3099 1555 3131 Contrahentium
1572 3099 1667 3138 (quod
1684 3083 1761 3129 bens
1776 3101 1896 3134 avertat)
1919 3109 1977 3137 quo
2002 3099 2096 3129 minus
2112 3097 2223 3129 dietum
2239 3100 2259 3119 *ζ
2274 3099 2379 3131 Matti-

1316 3141 1468 3176 monium,
1482 3149 1530 3176 per
1544 3137 1640 3169 Verba
1655 3137 1690 3168 de
1705 3136 1839 3169 Praelenti
1850 3161 1860 3177 ,
1873 3138 1937 3178 post
1948 3137 2126 3175 completum
2142 3146 2275 3178 quartum
2295 3138 2374 3170 deci-

1315 3188 1396 3208 mum
1411 3179 1498 3208 aetatis
1518 3177 1587 3206 dic'ti
1602 3177 1740 3214 Principis
1765 3178 1881 3207 Annum
1892 3200 1902 3215 ,
1919 3186 1949 3208 ut
1965 3177 2162 3215 praemittitur,
2176 3177 2378 3217 contrahatur,

1315 3217 1348 3246 6<
1367 3217 1482 3254 Medis,
1498 3215 1662 3252 Terminis,
1679 3216 1783 3254 Locis,
1794 3217 1828 3247 ὅς
1841 3216 1956 3246 Formis
1979 3216 2141 3252 inpradietis
2163 3216 2195 3246 in
2215 3215 2301 3247 Facie
2317 3216 2377 3248 Ec—

1315 3255 1406 3286 cleiiae
1428 3256 1522 3285 debite
1543 3254 1728 3284 solemnizetur
1740 3278 1749 3292 ,
1774 3256 1808 3285 &
1822 3256 1920 3284 omnia
1941 3256 1975 3285 &
1992 3254 2097 3292 singula
2117 3255 2147 3284 in
2163 3253 2222 3286 hoc
2237 3254 2377 3287 Tracstatu

1314 3293 1514 3331 comprehensa
1529 3293 1713 3331 impleantur,
1731 3302 1800 3324 tunc
1821 3295 1854 3324 δε
1877 3303 1913 3324 eo
1934 3292 2008 3323 Casu
2023 3293 2116 3324 didius
2131 3296 2295 3323 Francorum
2314 3296 2376 3323 Rex

1314 3331 1452 3363 Haeredes
1466 3333 1499 3363 &
1515 3330 1695 3362 Successores
1707 3332 1745 3362 sui
1761 3332 1868 3362 dietam
1885 3332 2035 3362 Summam
2045 3335 2251 3372 quingentorum
2262 3331 2376 3361 millium

1315 3374 1479 3400 Coronarum
1493 3373 1588 3408 Auri,
1602 3380 1636 3401 ac
1651 3371 1717 3399 dieii·
1732 3369 1884 3408 Duces,&
1899 3373 2010 3400 Domini
2018 3372 2281 3408 praedic‘li,necnon
2295 3373 2376 3399 Com-

1313 3414 1621 3447 muuitates,e0rumve
1635 3408 1771 3439 Haeredes
1786 3409 1819 3440 Sc
1837 3407 2206 3447 Succefformmraedidtam
2220 3407 2376 3441 Summam

1314 3449 1346 3479 &
1361 3448 1517 3486 quamlibet
1537 3447 1594 3483 eius
1610 3447 1741 3486 Partem,
1763 3449 1792 3477 in
1814 3448 1940 3478 Poenam
1962 3446 2123 3486 hujusmodi
2145 3446 2378 3488 Repudiationis,

1314 3487 1432 3524 praefato
1440 3490 1506 3524 Regi
1520 3486 1632 3523 Angliae
1649 3485 1819 3516 Haeredibus
1833 3488 1867 3518 &
1882 3485 2097 3517 Successoribus
2108 3485 2161 3514 suis
2171 3506 2182 3522 ,
2195 3488 2249 3514 line
2263 3485 2376 3516 dilatio-

1313 3536 1366 3562 ne,
1383 3524 1610 3556 contradidiione
1620 3548 1629 3564 ,
1645 3525 1792 3555 resistentia
1802 3547 1812 3563 ,
1826 3525 1873 3556 vel
1889 3524 2066 3556 excusatione
2081 3531 2262 3562 quacunque,
2276 3524 2306 3554 in
2319 3524 2374 3556 Ci-‘

1313 3565 1398 3594 vitate
1416 3564 1608 3594 Londoniensi
1621 3564 1728 3594 solvere
1742 3566 1926 3595 tenebuntur:

1352 3602 1520 3640 Licebitque
1533 3604 1650 3640 praefato
1664 3606 1729 3640 Regi
1738 3602 1852 3640 Angliae
1864 3602 1968 3639 suisque
1980 3598 2156 3630 Haeredibus
2168 3599 2202 3629 &
2218 3598 2374 3632 Succeffo-

1313 3641 1388 3670 ribus
1413 3663 1422 3679 ,
1453 3642 1472 3671 fi
1489 3641 1625 3679 praedieta
1645 3640 1763 3672 Summa
1778 3645 1981 3681 quingentorum
1995 3636 2098 3667 milium
2121 3641 2282 3667 Coronarum
2297 3644 2375 3672 Auri

1312 3679 1345 3709 &
1366 3680 1499 3719 quaelibet
1521 3679 1580 3716 ejus
1602 3679 1669 3710 Pars
1689 3680 1734 3711 vel
1750 3679 1861 3710 dictum
1875 3681 2040 3707 Francorum
2062 3678 2158 3712 Regem
2174 3685 2204 3706 ut
2220 3677 2370 3714 praefertur

1310 3718 1461 3755 solvenda,
1475 3718 1519 3748 vel
1535 3720 1554 3748 ii
1570 3718 1704 3756 praedieta
1716 3719 1836 3748 Summa
1850 3720 2050 3757 quingentorum
2070 3713 2185 3744 millium
2205 3719 2373 3753 Coronarum

1311 3759 1406 3793 Auri,
1422 3766 1470 3793 per
1483 3757 1576 3787 diCtos
1596 3760 1684 3786 Duces
1702 3755 1741 3792 όν
1755 3759 1884 3786 Dominus
1902 3762 1932 3784 ut
1950 3753 2092 3791 praefertur
2110 3752 2262 3793 solvenda,
2284 3758 2330 3787 vel
2349 3758 2371 3788 fi

1310 3795 1443 3832 praediChi
1462 3794 1580 3826 Summa
1602 3806 1651 3835 per
1673 3797 1823 3824 Primarias
1848 3796 1984 3823 Civitates
2009 3790 2064 3821 sive
2086 3792 2176 3830 Opida
2197 3792 2322 3825 fimiliter
2338 3804 2373 3829 ut

1309 3834 1452 3870 praefertur
1467 3833 1657 3871 solvenda,&
1669 3833 1804 3872 quaelibet
1819 3830 1982 3862 earumdem
1994 3828 2178 3860 Summarum
2195 3840 2224 3861 ut
2239 3834 2367 3869 praemit-

1309 3873 1376 3902 titur
1390 3881 1447 3902 non
1472 3872 1608 3910 solvatur,
1622 3873 1742 3903 eandem
1756 3871 1909 3901 Summam
1929 3872 2131 3908 quingentorum
2152 3869 2266 3900 millium
2287 3875 2373 3902 Coro-t

1310 3921 1409 3939 narum
1417 3914 1495 3941 Auri
1510 3913 1543 3942 &
1583 3911 1721 3941 uamlibet
1735 3911 1794 3947 ejus
1807 3908 1919 3938 Partem
1934 3917 1950 3936 a
1965 3910 2082 3943 praetato
2100 3911 2267 3938 Francorum
2279 3913 2367 3948 Rege,

1307 3949 1419 3987 ejusque
1434 3949 1565 3988 Regnis,
1599 3950 1685 3987 atriis,
1699 3948 1812 3982 Terris,
1826 3945 2080 3989 Dominiis,Villis
2089 3946 2368 3989 ,Oppidis,&Sub-

1305 3988 1389 4025 ditis,
1413 3997 1570 4026 eorumque
1585 3987 1671 4018 Bonis
1693 3985 1846 4016 mobilibus
1859 3984 1893 4014 &
1909 3983 2109 4014 immobilibus
2131 3986 2310 4022 pacientibus
2332 3986 2369 4018 δε

1305 4026 1403 4059 suturis
1425 4028 1585 4065 ubicunque
1601 4025 1732 4063 repertis,
1745 4032 1861 4054 necnon
1874 4022 1981 4054 didiam
1997 4022 2150 4054 Summam
2163 4027 2370 4092 quingentoruiln

2307 4072 2344 4093 m
2355 4078 2369 4087 -

2430 349 2493 384 636.

2418 3103 2536 3144 *xiiii

2426 3156 2492 3192 637·
2531 3161 2534 3164 ’
