2542 4274
830 148 940 192 ET
1026 153 1290 194 ACTA

107 235 236 267 Ann.D.
259 237 357 276 gillum
379 236 507 267 nostrum
531 232 717 272 appendimus
738 233 772 265 δε
791 234 887 267 nostra
912 237 1048 270 Nomina
1079 239 1193 279 proprisi
1211 238 1327 278 quisque

128 284 206 316 1534

105 321 170 345 Heu.
190 318 216 345 ὅ.

105 3220 122 3238 ⁰
135 3221 221 3249 XIV.

109 3267 177 3295 504»

261 277 355 307 Manu
370 275 586 313 subscripsimus.

298 354 365 384 Dat.
385 353 414 381 in
434 354 522 380 Domo
538 349 627 388 nolim
643 349 797 388 Capitulari
812 350 932 386 septimo
947 353 993 382 die
1010 353 1117 384 Mensis
1140 353 1326 395 Septembris,

261 391 350 422 Anno
366 390 462 428 Regni
475 391 553 426 Regis
569 388 651 428 nostri
665 391 777 419 Henrici
792 391 897 420 ociavi
912 391 1055 422 Vicesimo
1070 393 1156 425 sexto,

296 466 441 504 Jihannes
460 464 543 494 Barla
552 489 561 502 ,
581 466 725 496 Decanus.

296 504 421 544 Joannes
443 503 598 542 1³..rnwell³
620 504 756 534 Clericus.

297 542 442 581 Johcsnnes
462 542 599 581 Bradley,
619 542 759 572 Clericus.

296 581 412 611 Thomas
431 585 586 619 Sargeant,
605 580 745 610 Clericus.

302 620 436 650 Robertus
455 620 616 657 ufhetacre,
633 618 694 654 &s
714 619 743 648 6.

738 695 822 735 Sigill.
840 696 872 726 de
889 699 958 727 Cera
975 698 1068 730 rubea.

300 776 408 814 Quum
423 783 455 804 ea
468 772 500 802 sit
518 782 577 802 non
591 771 701 811 solum,
719 772 779 804 &o

296 814 445 844 Noverint
461 810 615 848 Universi,
633 812 694 842 &c.
716 811 805 850 Qiod
823 811 894 842 Nos
908 815 987 842 Prior
1001 810 1039 846 &
1058 816 1213 843 Conventus
1226 816 1328 843 Domus

254 852 318 893 five
336 855 476 882 Prioratus
492 849 525 878 de
539 852 673 888 Hempton
693 853 848 880 Norwicen.
867 853 944 881 Dioc.
964 851 1040 881 Uno
1064 851 1144 891 Ore,
1161 854 1220 884 &c.

300 891 332 920 In
347 892 426 926 cujus
440 889 478 917 rei
493 888 712 918 Testimonium
736 890 803 920 huic
829 889 945 926 Scripto
966 888 1064 920 nostro
1089 889 1261 921 Commune
1283 889 1328 919 Si-

261 929 360 968 gillum
375 926 503 957 nostrum
519 926 700 964 praesentibus
714 927 754 958 est
768 926 921 967 appensum
941 929 975 959 ὃς
998 928 1093 959 nostra
1111 929 1145 960 N
1148 931 1246 960 omina
1259 938 1327 968 pro-

260 969 319 1005 pria
335 966 452 1004 quisque
467 964 560 996 Manu
573 965 788 1004 subscripsimus.

296 1042 365 1073 Dat.
381 1044 411 1074 in
427 1044 514 1072 Domo
532 1041 686 1081 capitulari
693 1042 828 1082 praediaa
843 1042 992 1074 Vicesimo
1005 1043 1129 1076 secundo
1144 1044 1203 1077 Die
1218 1044 1327 1077 Menfis

261 1081 453 1121 Septembris,
470 1080 559 1112 Anno
572 1082 700 1112 Domini
723 1081 882 1112 Millesimo
903 1081 1144 1122 Qingentesimo
1164 1084 1327 1117 Tricefimo

260 1129 375 1159 quarto.

298 1197 355 1227 Per
370 1206 417 1228 me
434 1199 598 1236 Henricum,
614 1196 746 1229 Priorem
759 1197 794 1229 de
808 1197 983 1239 Hempton,
1000 1199 1063 1229 &c.
1085 1207 1109 1238 3.

733 1274 819 1313 Sigill.
837 1276 869 1306 de
888 1279 957 1306 Cera
975 1276 1066 1305 rubea.

297 1353 401 1392 Qium
417 1359 448 1382 ea
465 1352 497 1383 sit
514 1359 572 1382 non
589 1351 680 1383 solum
696 1351 866 1384 Christianae
882 1352 1057 1392 Religionis,
1076 1348 1137 1384 ἃς.

295 1392 446 1422 Noverint
462 1390 613 1429 Univerli,
633 1393 693 1421 ὅτε.
729 1391 821 1430 Quod
837 1392 906 1422 Nos
922 1392 1055 1421 Robertus
1071 1393 1177 1428 Burre,
1194 1391 1252 1423 Dei
1268 1392 1322 1425 Pa-

259 1430 370 1467 tientia,
396 1432 476 1458 Prior
503 1432 606 1459 Domus
621 1429 684 1469 five
705 1432 849 1459 Prioratus
877 1432 1070 1459 Canonicorum
1094 1429 1125 1458 de
1153 1428 1323 1468 Bisfhemade

260 1468 386 1498 Lincoln.
402 1470 480 1496 Dioc.
501 1467 611 1497 Ordinis
626 1468 723 1498 Sandi
738 1468 885 1506 Augustini
899 1469 933 1500 &
954 1468 1079 1505 ejusdem
1100 1468 1177 1498 Loci
1197 1473 1323 1501 Conven.

260 1513 305 1537 sus
323 1516 382 1536 uno
398 1506 459 1535 Ore
493 1508 555 1536 &c.

297 1543 331 1574 ln
345 1544 425 1580 cujus
441 1528 479 1572 re’i
495 1541 713 1572 Testimonium
739 1543 806 1574 huic
834 1543 948 1584 Scripto
967 1542 1065 1574 nostro
1093 1542 1261 1575 Commune
1279 1546 1322 1577 Si-

279 1582 358 1612 illum
373 1580 505 1611 nostrum
529 1581 718 1618 appendimus
742 1583 775 1613 &
799 1582 894 1612 nostra
918 1583 1054 1614 Nomina
1075 1583 1186 1622 propria
1207 1585 1323 1623 quisque

257 1590 355 1651 {danu
367 1619 584 1657 subscripsimus.

293 1697 405 1728 Datum
420 1697 449 1726 in
465 1700 551 1727 Domo
565 1695 657 1736 nostra
671 1696 822 1734 Capitulari
837 1697 940 1728 ultimo
951 1696 1009 1727 Die
1021 1696 1322 1737 MensisSeptembris,

256 1735 346 1767 Anno
362 1734 469 1765 Christi
486 1734 644 1765 Millesimo
656 1735 896 1774 Qingentesimo
908 1736 1071 1766 Tricesimo
1084 1745 1183 1775 quarto
1197 1759 1206 1776 ,
1225 1737 1325 1776 Regni

257 1778 327 1807 ‘vero
341 1776 417 1813 Regis
429 1772 511 1814 nostri
527 1775 640 1804 Henrici
655 1775 761 1805 oelavi
776 1774 866 1805 Anno
881 1773 1030 1814 vigesimo
1047 1774 1132 1805 sexto.

293 1857 445 1889 Dominus
456 1856 587 1886 Robertus
604 1857 698 1894 Burr,
716 1856 811 1894 Prior,
830 1858 892 1889 &c.
913 1865 941 1897 3.

726 1931 813 1970 Sigill.
831 1932 863 1962 de
880 1935 950 1961 Cera
967 1932 1064 1961 rubea.

295 2013 402 2051 Qium
419 2022 450 2043 ea
463 2011 494 2042 sit
509 2023 570 2043 non
590 2013 680 2043 solum
696 2011 867 2044 Christianae
889 2012 1066 2051 Religionis,
1085 2013 1146 2044 &c.

265 2082 280 2089 ,,
294 2052 443 2082 Noverint
459 2050 608 2090 Univeffi,
630 2053 689 2082 ὅτε.
707 2051 785 2091 quod
810 2051 878 2081 Nos
902 2050 1047 2090 Johannes
1069 2050 1248 2091 Dorchester‚
1266 2051 1325 2083 Dei

258 2088 412 2127 Patientia,
433 2091 511 2118 Prior
529 2094 630 2120 Domus
643 2094 840 2121 Canonicorum
854 2090 887 2120 de
902 2089 1074 2129 Wymondley
1095 2091 1208 2121 Ordinis
1228 2093 1324 2122 Sanc‘ii

256 2129 405 2169 Augustini
419 2127 543 2158 Lincoln.
568 2132 644 2159 Dioc.
671 2131 705 2161 ὅς
727 2129 851 2168 ejusdem
872 2128 947 2159 Loci
970 2132 1138 2168 Conventus,
1160 2140 1220 2161 uno
1243 2131 1314 2170 Ore,

257 2170 318 2200 δίς.
974 2195 978 2198 .

296 2207 329 2237 In
346 2206 425 2244 cujus
439 2207 477 2237 rei
491 2205 708 2237 Testimonium
724 2205 791 2238 huic
807 2204 1036 2248 Scripto'nostro
1053 2206 1221 2238 Commune
1242 2208 1326 2247 Sigil-

256 2245 319 2276 lum
334 2245 464 2275 nostrum
479 2245 663 2283 appendimus
677 2246 709 2277 &
724 2245 820 2276 nostra
834 2244 971 2275 Nomina
987 2248 1101 2284 propria
1122 2247 1237 2285 quisque
1257 2247 1327 2279 Ma-

256 2295 296 2315 nu
311 2283 534 2320 fibscnpfimus.

294 2360 404 2391 Datum
421 2359 451 2388 in
466 2362 554 2388 Domo
575 2359 666 2397 nostra
688 2360 842 2398 capitulari
854 2361 992 2392 'Decimo
1017 2368 1116 2399 quarto
1138 2361 1198 2392 Die
1220 2362 1328 2395 Mensis

259 2399 411 2436 Oestobris,
427 2398 516 2428 Anno
530 2397 641 2428 Christi
649 2397 807 2429 Millelimo
818 2399 1059 2438 Qingentesimo
1069 2401 1233 2431 Tricesimo
1245 2412 1326 2440 quar-

259 2447 308 2477 to,
328 2437 423 2476 Regni
442 2446 510 2468 vero
525 2436 614 2476 Regis
627 2436 715 2467 nostri
743 2440 855 2467 Henrici
883 2439 989 2468 Oblavi
1008 2437 1159 2476 Vigesimo
1181 2439 1270 2471 sexto.

295 2514 443 2545 Dominus
460 2513 606 2552 Johannes
625 2512 801 2553 Dorchester,
820 2513 912 2545 Prior.

297 2553 445 2585 Dominus
459 2552 605 2592 Johannes
622 2555 742 2591 Turner,
761 2552 822 2588 &c.
841 2560 868 2592 3.

709 2629 794 2668 Sigill.
813 2630 845 2661 de
863 2633 934 2661 Cera
949 2629 1051 2661 rubea:

299 2707 402 2744 Qium
416 2715 448 2736 ea
462 2706 493 2736 sit
510 2716 568 2737 non
584 2706 675 2736 solum
694 2705 868 2738 Christianae
880 2705 1059 2746 Religionis,
1075 2708 1137 2740 &c.

298 2745 446 2775 Noverint
461 2744 596 2774 Universi
608 2767 618 2782 ,
637 2745 698 2774 &c.
719 2745 810 2783 Quod
830 2746 898 2775 Nos
912 2745 1057 2783 Johannes
1072 2750 1169 2785 More,
1195 2745 1253 2778 Dei
1270 2747 1325 2780 Pa-

257 2785 371 2821 tientia,-
389 2782 488 2812 Abbas
500 2783 660 2821 Monasierii
676 2786 773 2813 Beatae
786 2786 888 2813 Mariae
907 2786 1024 2821 Virginis
1037 2785 1069 2814 de
1085 2786 1224 2816 Thornton
1250 2790 1321 2817 Lin-

258 2822 324 2853 coln.
338 2825 421 2891 gioc.
437 2821 551 2891 gralitzis
566 2822 662 2851 Sandis·
678 2821 826 2861 Augustini
843 2823 877 2854 &
892 2822 1018 2861 ejusdem
1041 2824 1119 2855 Loci
1146 2828 1323 2864 Conventus,

260 2871 320 2890 uno
372 2870 400 2890 re
471 2870 496 2889 c,

297 2899 329 2930 In
344 2883 423 2938 cuju’s
439 2899 476 2928 rei
491 2898 706 2930 Testimonium
727 2897 795 2928 huic
816 2898 932 2935 Scripto
958 2900 1059 2931 nostro
1083 2896 1254 2934 Commune
1278 2902 1324 2933 Si·

257 2938 357 2977 gillum
379 2937 510 2967 nostrum
532 2938 717 2977 appendimus
735 2938 768 2969 ὃς
794 2937 928 2970 Nomina
948 2940 1043 2972 nostra
1066 2942 1183 2979 propria
1208 2943 1325 2981 quisque

259 2977 355 3008 Manu
370 2976 590 3014 subscripsimus.
881 2986 883 2989 ⁴

300 3053 412 3084 Datum
427 3055 456 3083 in
472 3057 560 3084 Domo
577 3053 667 3093 nostra
684 3053 837 3093 capitulari
851 3054 1000 3086 Vicesimo
1020 3057 1122 3094 quinto
1142 3056 1201 3087 Die
1220 3051 1330 3089 Mensis

263 3091 401 3132 Augusti,
417 3092 506 3122 Anno
518 3092 628 3123 Christi
645 3093 800 3124 Millelimo
813 3093 1055 3132 Quingenrefimo
1069 3095 1234 3127 Tricesimo
1242 3106 1325 3136 quar-

261 3137 310 3170 to,
327 3132 424 3169 Regni
437 3141 507 3162 vero
519 3132 607 3171 Regis
619 3131 710 3163 nostri
728 3134 841 3162 Henricz'
854 3133 959 3162 Odiavi
973 3133 1117 3165 vicesimo
1133 3134 1220 3165 sexto.

301 3208 320 3228 *⁵
342 3205 489 3238 Dominus
506 3207 652 3245 Johannes
669 3212 767 3247 More,
783 3204 891 3241 Abbas.

303 3246 451 3276 Dominus
470 3245 626 3275 willielmus
644 3247 771 3284 Hohson,
789 3247 879 3277 Prior.

301 3284 449 3314 Dominus
467 3283 611 3320 Johannes
629 3285 711 3322 York,
729 3284 791 3318 &c.
807 3294 856 3315 20.

304 3324 398 3354 Frater
415 3322 539 3360 Jacobus
557 3325 684 3359 vaytt.

301 3363 395 3393 Frater
415 3360 546 3390 Robertus
564 3360 701 3400 Grymsby.

832 3400 915 3438 Sigill.
933 3402 966 3431 de
984 3407 1055 3432 Cera
1072 3403 1166 3436 rubea.

303 3478 409 3517 Qum
423 3485 455 3508 ea
468 3476 498 3506 sit
511 3485 570 3506 non
585 3475 677 3506 solum
691 3476 862 3508 Christianae
880 3478 1057 3518 Religionis,
1085 3482 1146 3512 &c.

302 3517 451 3548 Noverint
467 3515 602 3551 universi,
620 3515 682 3545 &c.
703 3516 795 3552 Quod
813 3516 882 3546 Nos
904 3517 1067 3556 Johannes,
1092 3519 1148 3548 Dei
1169 3518 1325 3559 Patientia,

266 3556 344 3586 Prior
361 3559 461 3585 Domus
465 3553 528 3594 five
542 3555 683 3582 Prioratus
699 3557 889 3585 Canonicorum
904 3556 937 3586 de
954 3558 1076 3587 Launda
1098 3557 1210 3588 Ordinis
1230 3561 1325 3590 SanHi

263 3594 411 3634 Augustini
428 3592 550 3623 meoln.
571 3595 648 3621 Dioc.
666 3592 699 3622 δί
713 3592 837 3629 ejusdem
854 3594 929 3624 Loci
954 3598 1109 3626 Conventus
1123 3618 1134 3634 ,
1161 3606 1220 3626 uno
1245 3598 1324 3637 Ore,

263 3635 326 3665 &c

301 3672 335 3702 In
351 3672 430 3708 cuius
447 3671 486 3701 rei
499 3669 713 3701 Testimonium
728 3668 797 3700 huic
821 3669 937 3709 Scripto
960 3672 1058 3702 nostro
1082 3671 1254 3705 Commune
1282 3675 1328 3705 Si-

265 3711 367 3747 gillum
386 3707 517 3742 nostrum
542 3709 724 3749 appendimus
741 3709 774 3739 &
795 3708 888 3739 nostra
911 3708 1047 3741 Nomina
1069 3713 1180 3749 propria
1210 3713 1326 3753 quisque

266 3748 361 3780 Manu
374 3748 593 3787 subscripsimus.

300 3824 369 3855 Dat.
388 3825 415 3855 in
431 3829 517 3856 Domo
533 3825 620 3865 nostra
634 3824 786 3863 Capitulari
800 3819 990 3868 Duodecimo
1006 3821 1065 3857 Die
1076 3822 1184 3859 Mensis
1191 3829 1323 3868 Septem⁴

263 3863 337 3900 bris,
357 3863 444 3894 Anno
461 3865 584 3896 Domini
601 3864 756 3895 Milleiimo
775 3864 1017 3902 Quingentelimo
1032 3865 1196 3899 Tricesimo
1213 3878 1325 3909 quarto,

264 3899 361 3940 Regni
376 3911 444 3932 vero
459 3903 548 3943 Regis
562 3903 649 3934 nostri
664 3905 777 3932 Henrici
791 3903 895 3932 otlavi
913 3903 1058 3935 Vicesimo
1070 3905 1160 3938 sexto.

304 3976 451 4009 Dominus
466 3977 609 4016 Johanncs
627 3980 794 4019 Lancasler,
816 3979 903 4010 Prior.

302 4012 454 4046 Dominus
475 4018 637 4050 ot‘illzelnus
656 4020 806 4060 Stokerston
817 4043 825 4056 ,
842 4020 989 4057 Subpriol‘.

298 4053 447 4087 Dominus
461 4054 606 4093 Johannes
625 4059 801 4099 Lodfflgton,
820 4057 996 4092 Ceueranusi

1374 151 1837 198 PUBLICA.

2356 185 2435 222 15³9

1403 237 1548 267 Dominus
1565 237 1680 268 Thomas
1701 242 1834 272 stletburn
1846 265 1856 281 ,
1870 245 1930 281 &ss
1951 249 1977 279 3,
2443 252 2511 283 Ami
2536 261 2542 284 i

1403 275 1498 306 Frater
1516 278 1649 324 R0‘4‘'rf.⁷.‘5
1669 278 1840 316 Lydyngton.
2460 300 2539 330 1534

1401 314 1498 346 Frater
1517 315 1652 353 Raduisus
1670 317 1778 357 Boston.
2438 334 2502 359 Hm.
2522 333 2537 358 ὅ

1824 359 1911 395 Sigill.
1926 363 1958 392 de
1977 367 2045 394 Cera
2063 367 2153 399 rubea.

1408 430 1558 475 Quumea
1573 431 1676 476 sitnon
1691 433 1784 476 [olum
1800 434 1972 467 Christianae
1989 439 2162 482 Religionis,
2178 446 2237 477 &c.

1405 468 1558 500 Noverint
1572 471 1726 510 Univerii,
1745 475 1806 504 διε.
1832 484 1909 512 quon
1935 476 2003 506 Nos
2026 480 2170 520 Ricardus,
2196 484 2251 516 Dei
2276 478 2430 519 Patientia?

1370 507 1470 537 Abbas
1516 509 1676 549 Monasterii
1704 514 1802 542 Beatae
1832 517 1934 543 Mariae
1950 517 2084 551 ,Virginis
2111 519 2223 557 Glascon
2251 527 2369 558 Bathon.
2391 510 2431 563 &3

1371 545 1485 576 Wllen.
1502 549 1634 591 Dion&
1651 549 1772 586 ejusdem
1788 552 1863 582 Loci
1880 555 2053 591 Conventus,
2074 555 2145 585 Uno
2159 560 2219 590 Ore
2255 565 2304 595 &c

1407 584 1440 614 ln
1460 594 1540 621 cujus
1555 595 1594 616 rel
1613 587 1830 620 Testimonium
1847 590 1916 621 huic
1932 590 2046 629 Scripto
2070 593 2168 625 nostro
2191 584 2360 635 Commune
2382 605 2430 636 Si.

1370 622 1832 700 igviigiiffstigsciiigilmatffiendimm
1853 629 1887 659 &
1909 629 2005 660 nostra
2026 629 2160 663 Nomina
2183 640 2294 675 propria
2313 644 2430 682 quisque

1407 736 1477 767 Dat.
1497 738 1526 767 in
1541 741 1628 769 Domo
1644 740 1734 780 nostra
1749 743 1903 781 Capitulum*
1917 745 2047 784 Decimo
2063 757 2143 779 nono
2161 748 2218 780 Die
2234 749 2341 785 Mensis
2361 757 2430 795 Sep-

1369 776 1607 846 ἓῖῐῑῃηὲτέἐῑὲηηο
1622 778 1718 818 Regni
1733 780 1823 821 Regis
1838 785 1929 814 nostri
1943 786 2055 816 Henrici
2069 788 2173 819 OHavi
2189 791 2320 827 praediciti
2344 794 2428 827 Vice-

1405 890 1461 920 Per
1479 900 1527 922 me
1544 894 1692 924 Ricardum
1709 895 1864 928 Abbatem.

1404 929 1554 961 Nicholaus
1570 934 1696 965 London.
1713 934 1805 966 Prior.

1401 968 1550 1000 Nicholaus
1570 972 1713 1011 deor,
1730 973 1791 1009 &c.
1809 983 1864 1014 49.

1807 1049 1894 1089 Sigill.
1911 1051 1944 1084 de
1960 1059 2030 1087 Cera
2046 1057 2139 1089 rubea.

1403 1122 1508 1160 Quum
1523 1135 1556 1157 ea
1573 1126 1604 1157 sit
1619 1137 1677 1158 non
1692 1127 1801 1167 solum,
1818 1128 1881 1160 δίε.

1386 1162 1553 1208 ΜΝονεῐίιπ
1568 1165 1703 1197 Univerfi
1713 1190 1723 1204 ,
1743 1168 1805 1198 &c.
1827 1167 1918 1206 Qiod
1934 1169 2002 1202 Nos
2015 1172 2162 1212 Johannos
2176 1177 2277 1208 Abbas
2295 1177 2433 1223 Monaste—

1367 1211 1400 1230 ru
1418 1203 1515 1232 Beatae
1527 1206 1631 1234 Mariae
1647 1205 1680 1235 de
1697 1207 1794 1235 Pratis
1819 1206 1947 1245 Leicestr.
1974 1211 2008 1241 &
2032 1217 2190 1245 Conventus
2212 1217 2337 1255 ejusdem
2360 1224 2431 1252 Lin-

1367 1238 1434 1270 soln.
1453 1244 1530 1282 Dioc.
1550 1253 1609 1273 uno
1623 1243 1703 1281 Ore,
1721 1244 1781 1275 &c.
2431 1253 2434 1257 ’

1405 1278 1438 1308 1η
1453 1289 1532 1317 cnjus
1547 1282 1586 1312 rei
1601 1281 1819 1313 Testimonium
1834 1283 1903 1314 huic
1918 1284 2034 1324 Scripto
2047 1291 2148 1322 nostro
2161 1292 2330 1328 Commune
2351 1297 2432 1337 sigil-

1368 1314 1429 1347 lum
1444 1317 1574 1362 nostrum
1590 1321 1778 1358 appendimus
1791 1321 1824 1352 ὃς
1838 1322 1934 1354 nostra
1950 1324 2086 1360 Nomina
2100 1334 2210 1370 propria
2225 1334 2342 1373 quisque
2363 1336 2430 1369 Ma-

1367 1364 1407 1385 nu
1427 1356 1652 1397 subscripfirnus.

1402 1431 1472 1464 Dat.
1492 1435 1520 1464 in
1536 1438 1621 1465 Domo
1633 1435 1724 1476 nostra
1738 1436 1891 1475 Capitulari
1907 1439 2063 1473 undecimo
2080 1443 2140 1476 Die
2157 1442 2266 1480 Mensis

1365 1470 1455 1502 Anno
1470 1471 1566 1512 Regni
1584 1473 1677 1513 Regis
1689 1476 1778 1506 nostri
1792 1478 1905 1506 Henrici
1920 1479 2027 1510 oelavt
2042 1480 2189 1517 Vicesimo
2202 1489 2288 1521 sexto.

2290 1448 2411 1492 Augusti
2416 1458 2429 1493 ὲ

1403 1552 1549 1584 Dominus
1560 1553 1705 1593 Johannes
1719 1556 1882 1595 Bourchier,
1899 1558 1966 1591 alias
1981 1561 2097 1601 Boufier
2109 1564 2209 1599 Abbas

1403 1591 1445 1621 D.
1463 1592 1612 1623 Richardus
1629 1593 1820 1635 Thurmeston,
1837 1596 1931 1628 Prior.
2208 1590 2220 1606 ²

1404 1629 1449 1660 D.
1466 1630 1597 1661 Robertus
1613 1636 1740 1672 Sapcott‚
1759 1634 1907 1673 Supprior.

1404 1667 1447 1698 D.
1463 1670 1596 1700 Ricardus
1609 1671 1751 1712 Bromley,
1767 1673 1829 1709 &c.
1848 1683 1897 1704 22.-

1829 1750 1916 1789 Sigill.
1933 1754 1966 1784 de
1982 1758 2051 1785 Cera
2070 1749 2171 1786 uiridi.
2190 1763 2193 1765 ·

1404 1823 1556 1870 Quum-ea
1569 1826 1602 1858 fit
1618 1837 1679 1859 non
1692 1828 1781 1860 solum
1797 1830 1968 1864 Christianae
1983 1833 2161 1874 Religionis,
2179 1837 2241 1868 ὅτε.

1406 1862 1557 1909 Noverint
1570 1867 1705 1910 univerfi,
1724 1869 1791 1913 &c.⁴
1811 1870 1904 1909 Quod
1924 1872 1990 1902 Nos
2009 1874 2139 1904 Robertus
2157 1877 2317 1915 Baryngton
2340 1878 2434 1913 Saciae

1370 1899 1544 1942 Theologiae
1558 1904 1716 1944 Professor,
1734 1907 1791 1937 Dei
1809 1908 1961 1948 Patientia,
1982 1911 2083 1941 Abbas
2096 1914 2257 1952 Monasterii
2270 1917 2366 1949 Sanni
2373 1919 2433 1958 Ja-

1368 1939 1422 1968 cohi
1436 1941 1469 1984 q'e
1485 1942 1613 1972 Walden.
1630 1945 1755 1975 London.
1773 1949 1853 1978 Dios.
1869 1949 1981 1979 Ordinis
1994 1951 2088 1980 Sanni
2102 1953 2245 1983 Benedic‘lt'
2261 1955 2295 1985 δε
2311 1958 2434 1994 ejusdem

1368 1976 1446 2008 Loci
1462 1983 1619 2012 Conventus
1630 2005 1639 2019 ,
1660 1994 1719 2013 uno
1736 1984 1815 2022 Ore,
1832 1988 1892 2017 &a

1403 2015 1436 2046 In
1451 2019 1531 2055 cujus
1544 2018 1600 2049 Rei
1619 2020 1837 2053 Testimonium
1852 2025 1920 2055 huic
1936 2024 2051 2063 Scripto
2074 2026 2173 2058 nostro
2194 2028 2369 2065 Commune
2388 2035 2432 2066 Si-³

1366 2054 1468 2123 ²tffllum
1493 2056 1622 2101 nostrum
1645 2060 1833 2099 appendimus
1854 2063 1887 2093 δε
1907 2062 2002 2093 nostra
2024 2064 2159 2098 Nomina
2181 2071 2293 2108 propria
2317 2073 2434 2113 quisque

1412 2103 1465 2124 anu
1479 2094 1695 2133 subscripsimus.

1405 2170 1516 2215 Datum
1531 2173 1560 2216 in
1575 2175 1663 2217 Domo
1677 2172 1768 2214 nostra
1783 2167 1937 2221 Capitulum·
1949 2174 2117 2223 primoDie
2134 2179 2242 2216 Menfis
2258 2186 2345 2225 julii,-
2370 2187 2433 2219 Αῃ-

1369 2217 1409 2238 no
1424 2209 1546 2254 Domini
1565 2211 1725 2256 Millefimo
1743 2215 1985 2261 Qingentefimo
2003 2218 2166 2261 Tricesimo
2190 2232 2312 2264 quarto,
2334 2225 2433 2267 Regni

1370 2255 1441 2279 vero
1456 2247 1545 2287 Regis
1559 2250 1650 2281 nostri
1665 2254 1778 2282 Henrm
1792 2255 1897 2284 Odaw
1911 2254 2002 2285 Anno
2019 2255 2166 2289 vicesimo
2179 2262 2267 2295 serito.

1409 2328 1465 2359 Per
1483 2340 1530 2360 me
1545 2330 1691 2361 Robertum
1709 2326 1871 2371 Baryngton
1887 2334 2043 2367 Abbatem.

1408 2367 1462 2397 Per
1485 2379 1533 2399 me
1547 2373 1677 2399 Simonem
1694 2371 1825 2410 Walden,
1842 2374 1986 2405 Priorem.

1410 2405 1465 2437 Per
1484 2416 1532 2439 me
1547 2409 1694 2439 Robertum
1711 2410 1858 2451 Asthdon,
1875 2412 1936 2449 &n
1959 2413 2006 2444 16.

1868 2488 1954 2527 Sigill.
1975 2490 2007 2519 de
2025 2494 2093 2521 cm
2108 2494 2203 2524 vindi.
2224 2475 2228 2479 ”

1415 2560 1525 2609 'Quum'
1534 2575 1564 2596 ea
1579 2567 1610 2597 fit
1623 2577 1684 2597 non
1699 2567 1793 2611 solum
1812 2567 1982 2601 Christianae
1999 2571 2175 2613 Religionis,
2194 2576 2254 2607 ἃς.

1411 2601 1446 2632 N
1449 2612 1561 2635 overmt
1576 2605 1710 2638 Univerii
1720 2630 1730 2646 ‚
1749 2609 1811 2638 &c.
1832 2609 1910 2646 quod
1924 2609 1994 2639 Nos
2006 2613 2086 2641 Prior
2105 2615 2209 2642 Domus
2214 2614 2278 2654 sive
2295 2615 2436 2646 Prioratus

1372 2642 1523 2685 Beatorum
1548 2644 1734 2683 Apostolorum
1759 2648 1836 2676 Petri
1859 2646 1896 2681 ὠ
1922 2648 2006 2678 Pauli
2027 2650 2060 2679 de
2081 2653 2234 2692 Tawnton,
2258 2654 2291 2685 &
2313 2655 2436 2693 ejusdem

1372 2677 1449 2709 Loci
1462 2684 1633 2720 Conventus,
1654 2693 1713 2713 uno
1730 2684 1807 2728 Ore,
1826 2687 1887 2716 &c.

1408 2716 1441 2747 In
1461 2720 1538 2757 cujus
1555 2723 1593 2751 rei
1615 2721 1833 2754 Testimonium
1854 2723 1985 2762 Sigillum
2009 2725 2138 2758 nostrum
2162 2728 2437 2762 CommunePrae-

1370 2755 1700 2834 {triggtritsmappendimus
1723 2764 1757 2794 &
1781 2762 1877 2794 nostra
1903 2763 2037 2796 Nomina
2062 2766 2175 2805 propria
2204 2770 2319 2809 quisque
2337 2769 2433 2802 Manu

1410 2872 1481 2905 Dat.
1500 2875 1532 2920 in·
1543 2877 1629 2905 Domo
1645 2876 1735 2916 nostra
1760 2878 1913 2923 Capituluri
1935 2877 2089 2924 decimo-⁴*
2121 2882 2220 2921 quinto
2245 2884 2304 2916 Die
2330 2882 2437 2918 Mensis
2451 2904 2470 2926 *-

1370 2910 1564 2953 Septembris,
1584 2914 1673 2959 Anno
1688 2915 1814 2961 Domini
1831 2917 1988 2962 Millesimo
2010 2919 2249 2962 Qingentesimo
2271 2924 2434 2957 Tricesimo
2480 2906 2542 2937 XIV

1372 2960 1485 3022 ἓξὲξ),
1504 2953 1677 2993 Regnivero
1692 2954 1874 2988 Invictiffimi
1889 2956 2030 2996 Prmcrpis
2043 2960 2153 2990 Henrici
2167 2961 2273 2994 Oblavi
2290 2962 2435 2997 vicesimo
2451 2956 2516 2984 5⁰5¹

1408 3071 1466 3103 Per
1484 3082 1533 3104 me
1553 3072 1736 3105 Willielmum
1751 3075 1875 3115 erlem,
1894 3074 1987 3107 Prior.

1407 3111 1463 3142 Per
1477 3121 1524 3142 me
1545 3112 1721 3143 Willielmum
1741 3117 1874 3154 Gregory‚
1893 3115 2040 3153 Subprior.

1408 3149 1464 3181 Per
1483 3160 1531 3182 me
1549 3153 1706 3182 Antonium
1725 3153 1834 3192 Whytt.
1852 3151 1912 3188 &a
1936 3161 1983 3183 12.

1822 3227 1907 3268 Sigill.
1925 3230 1959 3260 de
1977 3233 2048 3260 cera
2066 3230 2157 3264 rubea.

1409 3298 1516 3343 Qum
1534 3313 1565 3334 ea
1579 3304 1612 3335 fit
1627 3307 1688 3335 non
1702 3304 1794 3336 solum
1815 3305 1986 3337 Christianae
2000 3307 2162 3346 Religionis
2172 3333 2180 3346 ‚
2197 3310 2257 3341 &c.

1407 3343 1558 3374 Noverint
1573 3343 1731 3382 Universi,
1749 3346 1811 3376 δίε.
1838 3345 1931 3383 QuOd
1955 3346 2023 3375 Nos
2040 3345 2186 3384 Johannsss
2212 3343 2352 3387 Raunafiis,
2370 3348 2430 3382 Dei

1371 3381 1525 3420 Patientii,
1544 3384 1622 3411 Prior
1638 3385 1741 3412 Domus
1749 3383 1813 3422 five
1828 3385 1970 3413 Prioratus
1985 3385 2080 3413 Sam‘li
2095 3386 2180 3414 Neoti
2204 3386 2314 3416 Ordinis
2337 3392 2433 3420 Sanc‘li

1371 3420 1516 3489 genedic‘li
1536 3420 1660 3450 Lincoln.
1686 3424 1763 3451 Dioc.
1788 3422 1966 3460 &ejusdem
1991 3422 2066 3452 Loci
2093 3426 2247 3453 Conventus
2269 3436 2328 3456 uno
2355 3427 2437 3467 Ore,

1407 3469 1435 3489 c.

1405 3497 1439 3528 In
1454 3498 1534 3536 cujus
1553 3499 1593 3528 rei
1613 3496 1834 3528 Testimonium
1855 3498 1922 3529 huic
1940 3498 2056 3536 Scripto
2079 3498 2181 3529 nostro
2197 3499 2370 3535 Commune
2384 3504 2429 3535 Si-

1368 3536 1466 3574 gillum
1493 3536 1622 3577 nostrum
1643 3538 1831 3574 appendimus
1851 3538 1886 3569 ὃς
1910 3537 2004 3568 nostra
2025 3537 2158 3568 Nomina
2181 3540 2298 3578 proprii
2318 3543 2432 3581 quisque

1370 3574 1462 3605 Manu
1478 3573 1691 3612 subscripsimus.

1409 3651 1479 3681 Dat.
1498 3652 1527 3680 in
1544 3654 1632 3681 Domo
1645 3650 1738 3690 nostra
1755 3650 1910 3689 Capitulari
1926 3651 2055 3681 Decimo
2069 3652 2146 3683 sexto
2159 3653 2207 3685 die
2224 3654 2334 3686 Mensis
2342 3655 2433 3695 Junii„

1370 3690 1460 3721 Anno
1475 3688 1598 3719 Domini
1616 3689 1776 3719 Millesimo
1796 3690 2034 3728 Quingentesimo
2049 3689 2212 3723 Tricesimo
2233 3703 2350 3733 quarte,
2367 3695 2430 3727 Rea

1370 3735 1420 3768 gni
1434 3730 1503 3760 vero
1520 3727 1610 3767 Regis
1623 3727 1711 3758 nostri
1727 3730 1839 3759 Henrici
1853 3729 1959 3758 octavi
1977 3726 2123 3760 Vicesimo
2137 3732 2224 3770 sexm,

1408 3815 1564 3852 Dompnus
1579 3813 1726 3852 Johannes
1742 3815 1882 3853 Rawmh,
1900 3813 1982 3844 Prior
1997 3815 2065 3846 ibid.

1406 3854 1566 3892 Dompnus
1579 3853 1709 3883 Ricardus
1723 3856 1842 3884 Stantou
1851 3876 1861 3891 ,
1877 3851 1939 3888 &a
1961 3862 2008 3883 10.

1843 3931 1929 3971 sigili.
1947 3933 1981 3964 de
1999 3936 2069 3964 Cera
2088 3935 2179 3965 rubea.

1407 4023 1512 4060 Qitim
1528 4030 1559 4051 ea
1575 4021 1607 4050 sit
1622 4029 1683 4050 non
1700 4018 1790 4050 solum
1807 4017 1977 4051 Christianae
2001 4017 2179 4058 Religionis,
2195 4021 2257 4054 &c.‘

1406 4060 1557 4093 Noverint
1571 4059 1725 4097 Universn
1743 4060 1806 4093 &a
1843 4058 1938 4098 Quod
1963 4059 2034 4091 Nos
2053 4058 2218 4098 Johannes,
2243 4060 2302 4093 Dei
2320 4059 2442 4137 Pffliff.
