2542 4274
104 83 179 125 232

0 162 36 182 in.
50 151 92 181 D.

145 155 293 196 Rogantes
312 153 391 194 quod
417 154 501 185 talem
519 155 603 184 vobis
622 154 728 194 eligatis
753 155 783 184 in
807 153 984 193 Episcopum
1012 155 1046 185 &
1073 150 1175 183 Pasto-

458 60 1863 113 CONVENTIONE83L1TERAE,

1248 147 1287 178 Et
1304 147 1462 188 diriguntur
1476 148 1583 180 Literae
1604 147 1661 179 iuae
1676 147 1850 181 Reverendo
1871 150 1904 181 in
1916 148 2036 183 Christo
2051 150 2125 184 Patri
2141 148 2277 182 Nicholao

4 190 72 228 566-
112 196 189 233 fem,
208 196 256 233 qui
274 195 341 225 Deo
354 193 494 232 Devoms,
509 192 662 231 Nobisque
681 193 715 224 &
731 192 842 231 Regi-io
860 192 958 223 nostro
973 191 1063 223 Utilis
1079 192 1113 222 ὃς
1129 190 1175 220 Fi·
1213 185 1339 216 Lincoln.
1357 185 1493 231 Epifiopo.

0 230 64 257 Eliz.

2 272 59 304 Reg.

0 632 43 651 rin.
56 620 98 651 D.

0 661 80 698 1566.

3 703 68 728 loia.

14 849 80 879 xv,

2 888 68 923 7⁶4·

0 2079 30 2100 in
52 2070 94 2101 D.

2 2110 66 2147 556.

0 2149 67 2178 ibid.

0 3738 7 3758 ³
31 3738 100 3766 XV.

24 3776 93 3812 665.

0 3813 62 3845 inii.
77 3812 119 3844 D.

7 3851 90 3891 1566.

0 3895 34 3919 'at
53 3893 69 3917 8

0 3930 41 3956 :liz
54 3936 78 3966 p.
87 3929 114 3958 8.

0 3976 67 3997 ’1.1.

114 232 183 264 delis
202 233 306 264 existat.

152 271 188 303 In
203 272 283 310 cujus
302 271 356 309 rei,
373 269 435 300 &c.

188 347 275 379 Teste
291 345 405 385 Regina
421 347 496 385 apud
508 347 610 380 Villam
631 348 813 386 Cantebrigiae
829 346 972 378 tricesimo
987 345 1033 376 die
1046 343 1126 383 Julii.

604 427 658 456 Per
674 429 768 455 Breve
783 424 816 453 de
831 425 950 452 Privato
967 419 1070 460 Sigillo.

494 552 604 598 Regius
627 548 774 594 Affinsus.

119 632 290 687 REeina,
308 633 559 665 Reverendiffimo
575 635 604 663 in
617 632 735 663 Christo
751 632 839 669 Patri,
856 641 890 662 ac
909 629 1074 669 praeducem
1092 630 1126 660 &
1146 628 1179 659 fi-

194 673 249 703 deli
269 673 385 712 nostro,
402 674 538 704 Domino
561 672 677 701 Matheo
693 669 896 709 Archiepiftopo
920 667 1127 708 cantuariensi,
1142 678 1176 698 ac

113 710 171 779 {iliis
189 712 414 753 quibuscumque
435 712 583 749 Episcopis
608 720 731 749 quorum
748 711 778 740 in
797 710 850 740 hac
872 718 950 747 parte
968 708 1109 744 intererit,
1126 706 1178 737 Sa-

129 759 216 780 utem.

154 787 237 819 Cum
255 797 374 819 vacante
390 798 480 825 nuper
492 787 564 818 Sede
579 786 739 826 Episcopali
760 785 948 824 Bangorensi,
965 794 1015 822 per
1039 783 1176 814 Mortem

115 828 272 858 naturalem
292 829 306 844 ⁸⁹
326 826 440 856 Rolana'i
463 826 592 856 Mevrike
612 834 693 864 nuper
720 823 837 867 Eptfiopi
859 823 1003 862 ejusdem,
1032 822 1065 852 ad
1082 823 1179 852 hurni-

114 865 172 896 lem
195 866 365 896 Petitionem
387 868 491 895 Decam·
511 864 550 900 ό·
570 864 689 901 Capituli
711 863 847 894 Eccleime
876 862 979 892 nostrae
1003 860 1175 892 Cathedralis

113 903 271 941 Bangoreu.
291 914 338 941 per
359 903 463 934 Literas
478 903 585 935 nostras
610 903 754 939 patentes,
773 901 935 932 Licentiam
954 899 1177 930 concesserimus

111 941 198 972 alium
218 943 269 973 sibi
287 941 407 983 eligendi
431 945 461 974 in
487 942 512 972 E
535 941 661 979 iscopum
681 941 715 971 &
742 940 887 970 Pastorem
907 938 986 969 Sedis
1014 938 1175 977 praedkstae,

111 980 199 1011 iidem
215 984 341 1011 Decanus
359 981 392 1011 ὃς
410 984 509 1020 Capita
520 991 582 1017 um,
598 980 696 1016 vigore
714 979 747 1010 δε
766 980 888 1009 obtentu
912 977 1054 1007 Licentiae
1072 976 1175 1007 nostrae

132 1019 276 1058 raedictae,
293 1019 432 1050 dilectum
451 1021 535 1050 nobis
555 1019 585 1048 in
601 1016 718 1048 Christo
734 1016 895 1047 Nicholaum
917 1012 1056 1054 Robynsbn
1079 1015 1173 1046 Sacrae

109 1028 286 1098 Theologiae
308 1057 520 1096 professorem,
540 1057 590 1087 sibi
609 1058 642 1089 &
665 1055 799 1087 Ecclesiae
815 1055 961 1093 praediffimz
979 1054 1127 1091 elegerunt
1145 1055 1175 1086 in

108 1094 283 1135 Episcopum
311 1098 344 1128 &
367 1095 530 1133 Pastorem,
557 1104 641 1133 prout
668 1105 715 1133 per
741 1094 846 1126 Literas
871 1093 926 1124 suas
944 1092 1044 1132 Sigillo
1071 1102 1174 1123 eorum

110 1133 275 1166 Communi
294 1135 439 1174 sigillatas,
458 1136 543 1166 nobis
560 1133 625 1164 inde
642 1133 783 1172 direffls,
798 1132 908 1174 plenius
925 1131 1013 1170 liquet
1030 1133 1064 1163 ὅ(
1089 1141 1175 1170 appa-

109 1182 217 1243 retNos
243 1212 425 1244 Elefflonem
449 1212 525 1243 illam
551 1219 748 1249 acceptanteS,
765 1210 861 1241 eidem
889 1208 1034 1240 EleEtioni
1060 1209 1175 1246 regium

111 1249 240 1282 nostrum
256 1251 404 1282 Affensum
420 1251 602 1282 adhibuimus
619 1251 718 1289 pariter
737 1250 770 1281 &
786 1248 944 1287 Favorem,
962 1249 996 1280 &
1013 1248 1072 1278 hoc
1092 1249 1176 1280 vobis

109 1290 228 1323 Tenore
243 1289 430 1321 Praesentium
448 1289 660 1327 significamus3

148 1328 310 1366 Rogantes,
327 1339 360 1359 ac
379 1330 408 1359 in
430 1328 501 1359 Fide
526 1330 559 1360 &
583 1327 748 1358 Dileetione
771 1327 873 1365 quibus
894 1324 995 1356 Nobis
1017 1326 1176 1365 tenemini,

109 1366 225 1397 firmiter
246 1367 440 1405 praecipiendo
455 1367 636 1404 mandantes,
651 1374 787 1405 quatenus
801 1375 853 1396 vos
871 1363 993 1395 eundem
1008 1363 1174 1394 Nicholaum

108 1405 246 1445 Robynson
263 1407 290 1436 in
305 1405 480 1444 Episcopum
495 1407 528 1437 &
544 1405 692 1436 Pastorem
706 1404 842 1435 Ecclesiae
858 1401 1035 1433 Cathedralis
1051 1402 1175 1440 Bangor.

107 1443 251 1484 praedicstae
278 1445 316 1475 sic
339 1455 368 1476 ut
393 1445 539 1483 praefertur
562 1444 687 1475 eledium
702 1466 711 1482 ‚
742 1442 979 1479 Electionemque
1004 1442 1174 1479 praedi&am

108 1482 294 1520 confirmare,
315 1484 347 1515 &
365 1484 488 1515 eundem
502 1481 666 1513 Nicholaum
680 1480 817 1522 Robynsc'm
831 1480 1006 1518 Episcopum
1026 1479 1058 1510 &
1074 1479 1175 1511 Pasto-

109 1531 170 1552 rem
193 1521 327 1553 Ecclcsiae
346 1521 492 1561 praedi&ae
511 1522 692 1559 consecrare,
719 1528 877 1558 caeteraque
896 1518 997 1549 omnia
1015 1519 1049 1549 ὃς
1068 1519 1175 1556 singula

107 1568 255 1603 peragere,
277 1570 341 1600 quae
360 1560 454 1592 vestro
473 1563 501 1591 in
518 1562 572 1591 hac
593 1568 670 1598 parte
696 1559 869 1589 incumbunt
891 1555 1004 1587 Officio
1030 1556 1174 1597 pastorali,

105 1607 182 1636 Juxta
201 1599 325 1630 formam
353 1600 530 1631 statutorum
554 1600 583 1630 in
609 1609 642 1630 ea
660 1606 738 1637 parte
754 1597 899 1628 editorum
923 1597 956 1628 ὃ(
975 1596 1174 1635 provisorum,

108 1636 199 1668 velitis
218 1648 287 1668 cum
304 1637 420 1669 effeeiu.

148 1676 182 1707 ln
202 1677 280 1714 cujus
299 1679 358 1716 rei,
375 1678 437 1709 &c.

162 1754 257 1789 Teste
276 1758 391 1799 Regina
408 1758 483 1797 apud
500 1757 606 1789 Villam
621 1758 716 1788 Samsli
731 1756 849 1795 Albani,
869 1765 916 1786 xv.
932 1756 978 1786 die
992 1754 1164 1793 Septembris

623 1837 677 1865 Per
690 1814 782 1865 ⁴Breve
795 1835 827 1864 de
840 1836 961 1864 Privato
969 1831 1070 1870 Sigillo.

423 1963 578 2008 Restitutio
603 1964 838 2010 Temporalium.

115 2056 280 2110 REgina,
299 2056 438 2087 Escaetori
457 2056 506 2086 suo
525 2055 554 2084 in
570 2053 718 2083 Comitatu
736 2051 894 2092 Anglesey,
907 2052 1042 2083 Salutem.

212 2095 337 2126 Vacante
356 2105 447 2132 nuper
471 2093 642 2131 Episcopatu
666 2091 853 2129 Bangorenli,
871 2101 920 2129 per
944 2090 1076 2121 Mortem
1096 2097 1175 2119 natu-

110 2133 195 2163 ralem
225 2134 317 2165 ultimi
340 2133 474 2173 Episcopi
499 2132 606 2162 ibidem
624 2154 634 2168 ,
652 2133 778 2159 Det-anus
795 2128 838 2165 A&
861 2129 1016 2168 Capitulum
1040 2127 1175 2159 Eccleliae

108 2170 283 2204 Cathedralis
298 2173 455 2212 Bangoren.
472 2170 617 2208 praedicb:
638 2169 787 2207 (Licentifi
806 2169 900 2198 nostra
918 2168 1006 2206 petita
1024 2168 1124 2205 pariter
1140 2168 1174 2197 &

107 2211 246 2248 obtenta)
268 2211 403 2242 dileitum
419 2210 517 2240 Nobis
536 2210 565 2239 in
585 2207 705 2239 Christo
716 2230 724 2245 ,
743 2206 906 2236 Νἰείνοίαιιηι
921 2206 1060 2246 Robynson
1076 2205 1171 2236 Sacrae

107 2248 278 2290 Thteologiae
295 2249 486 2281 Professorem
504 2249 536 2279 iri
551 2256 651 2279 eorum
666 2245 842 2286 Episcopum
860 2247 893 2277 &
910 2245 1061 2276 Pastorem
1079 2245 1174 2283 elege-

107 2296 209 2358 mn(tfui
229 2327 343 2366 quidem
366 2327 508 2359 Eieetioni
526 2325 558 2357 ὃ(
580 2323 711 2355 Personae
735 2322 772 2353 sic
789 2322 904 2361 eleffiiae,
924 2322 1055 2361 Regium
1071 2322 1173 2354 Assen-

108 2365 170 2396 sum
193 2367 323 2398 nostrum
345 2367 528 2398 adhibuimus
549 2364 582 2394 &
606 2363 754 2400 favorem,
774 2361 910 2400 ipsiusque
924 2362 1099 2392 Fidelitatem
1119 2371 1172 2392 no-

111 2404 154 2434 bis
173 2405 300 2437 debitam
323 2415 376 2445 pro
398 2405 480 2435 dicto
498 2401 669 2441 Episcopatu
691 2401 854 2438 accepimus
865 2423 874 2438 ,
892 2410 926 2430 ac
942 2400 1128 2438 Temporalia
1143 2411 1174 2431 e-

106 2443 219 2481 jusdem
251 2442 436 2482 Episcopatus
463 2441 604 2479 (exceptis
633 2440 768 2481 omnibus
793 2438 930 2469 Maneriis
955 2438 1052 2469 Terris
1072 2439 1171 2470 Tene-

111 2484 213 2512 meniis
233 2493 303 2514 cum
327 2482 507 2513 Pertinentiis
529 2478 668 2520 praedicto
684 2477 868 2515 Epiicopatui
890 2476 1001 2507 dudum
1024 2477 1174 2515 spedianti-

111 2520 165 2550 bus
185 2522 217 2552 &
239 2522 461 2559 pertinentibus,
479 2518 571 2550 modo
594 2519 624 2547 in
640 2515 748 2547 Manus
768 2514 888 2554 nostras,
907 2517 1011 2552 vigore
1028 2515 1173 2555 cujusdam

110 2558 221 2599 Aous,
242 2561 329 2591 Anno
344 2559 437 2599 Regni
462 2558 552 2589 nostri
575 2557 690 2594 primO,
715 2554 780 2585 inde
800 2565 889 2592 nuper
912 2554 979 2584 editi
1000 2556 1033 2587 &
1055 2555 1174 2593 provisi,

110 2597 206 2628 eiectis
226 2599 258 2629 &
281 2599 388 2638 capris,
406 2608 440 2629 ac
461 2598 492 2627 in
507 2595 661 2627 Scaccario
684 2593 782 2624 nostro
805 2594 841 2623 de
865 2592 1002 2624 Recordo
1025 2603 1175 2624 remanen-

109 2636 204 2673 tibus)
225 2638 250 2666 ei
271 2637 440 2668 restituimus
462 2645 511 2676 per
532 2634 699 2671 Praese-ntes,

157 2674 195 2705 Et
215 2676 282 2706 ideo
308 2677 360 2706 tibi
388 2675 569 2713 praecipimus
590 2671 671 2710 quod
686 2670 806 2710 praefato
834 2669 929 2701 Eleclo
944 2694 953 2708 ,
987 2670 1174 2710 Temporalia

112 2714 247 2751 praedieta
269 2724 336 2744 cum
359 2713 531 2752 pertinentiis
560 2713 590 2740 in
612 2709 713 2740 Balliva
733 2719 779 2740 tua
805 2710 948 2748 (exceptis
973 2711 1174 2750 praeexceptis)

113 2754 168 2782 unii
191 2763 260 2783 cum
281 2752 409 2783 Exitibus
426 2752 458 2783 &
475 2749 615 2781 Proficuis
636 2749 703 2779 inde
721 2749 957 2785 provenientibus
975 2749 1030 2778 sive
1049 2749 1176 2778 crescen-

113 2791 205 2829 tibus,
221 2801 237 2822 a
253 2791 338 2821 Festo
354 2789 592 2822 Annunciationis
608 2789 697 2818 beatae
713 2786 819 2817 Mariae
838 2785 965 2824 Virginis
980 2786 1083 2817 ultimo
1102 2796 1176 2825 prae-

115 2830 200 2859 terito
211 2851 221 2866 ,
238 2828 455 2863 siveDilatione
471 2828 607 2864 Liberes3

152 2867 240 2898 Salvo
255 2867 317 2905 jure
335 2867 492 2905 cujussibet.

153 2943 244 2975 Teste
257 2942 372 2984 Regina
388 2941 462 2982 apud
484 2939 760 2982 Wstmonasterium,
777 2940 815 2970 vi.
835 2939 881 2970 die
893 2939 1082 2971 Novembris.

115 3019 285 3052 Confimilia
306 3020 406 3052 Brevia
433 3020 593 3060 diriguntur
615 3016 814 3049 Escaetoribus
843 3016 1000 3055 subscriptis
1025 3017 1076 3048 sub
1101 3016 1176 3050 Data

153 3058 289 3098 praedieta
297 3071 307 3098 ·‚
321 3059 452 3091 videlicet
460 3082 470 3098 ,

156 3135 296 3174 Esc'aetori
308 3133 359 3175 fico
380 3140 410 3167 in
426 3139 498 3165 Com.
514 3138 687 3165 Carnarven.

158 3177 297 3213 Escaetori
313 3172 365 3214 βο
385 3178 418 3207 in.
427 3177 498 3203 Com.
515 3172 680 3203 Merioneth.

155 3214 298 3253 Escaetori
311 3212 362 3253 fico
383 3217 412 3242 in
428 3216 500 3242 Com.
515 3211 650 3248 Denbigh.

155 3254 294 3291 Escaetori
310 3251 362 3292 fico
379 3255 408 3281 in
424 3254 496 3281 Com.
513 3253 726 3289 Mountgomery.

157 3291 264 3322 Dilec‘lo
288 3292 326 3327 ὠ,
339 3289 420 3332 fideli
435 3288 485 3328 fito
509 3287 688 3318 Christofero
710 3288 820 3325 Draper
842 3287 950 3325 Majori
971 3290 1103 3319 Civitatis
1122 3287 1177 3327 βακε

195 3327 318 3360 London.
336 3340 368 3359 ae
383 3327 522 3368 Efiaetori
537 3325 588 3366 fico
608 3329 637 3356 in
653 3326 744 3355 eadem
759 3329 893 3356 Cim-itate.

160 3409 200 3440 Et
220 3410 380 3441 mandatum
399 3408 441 3440 est
465 3407 626 3445 Militibus,
651 3405 745 3437 liberis
766 3405 945 3437 Hominibus
960 3430 970 3445 ,
993 3408 1027 3438 &
1047 3407 1181 3437 omnibus

123 3447 182 3479 aliis
200 3448 382 3479 Tenentibus
403 3448 438 3478 de
460 3446 631 3484 Episcopatu
651 3442 812 3489 Bangoren.
834 3445 915 3482 quod
941 3445 1034 3476 eidem
1058 3445 1153 3488 Ffflec‘lo
1169 3467 1179 3483 ‚

123 3496 258 3526 tanquam
274 3487 418 3525 Episcopo
440 3486 621 3529 &Domino
644 3485 711 3521 suo,
728 3493 756 3513 iri
778 3485 910 3513 omnibus
931 3494 994 3522 quae
1014 3483 1048 3513 ad
1061 3483 1178 3520 lzpisco-

122 3534 219 3563 patum
234 3525 401 3563 praedictum
415 3531 574 3563 pertinent,
588 3521 760 3553 intendentes
777 3523 827 3552 sint
841 3522 875 3553 δε
890 3521 1084 3561 respondentes
1098 3530 1182 3560 prout

121 3564 289 3641 deffincujus
306 3603 346 3632 rei
356 3625 365 3639 ,
382 3601 443 3632 &c.

195 3640 284 3672 Teste
299 3649 330 3672 ut
342 3639 431 3678 supra.

621 3676 675 3705 Per
692 3678 784 3706 Breve
795 3676 828 3705 de
842 3677 962 3705 Privato
978 3674 1078 3713 Sigillo.

437 3799 464 3826 ’χε
492 3802 540 3833 De
564 3796 846 3844 Praeftntationibus.

126 3886 288 3955 THomas
310 3885 454 3930 thered
474 3885 621 3931 Clericus,
638 3884 721 3914 habet
739 3883 846 3913 Literas
861 3883 970 3927 Regina
992 3883 1121 3927 Parentes
1144 3881 1181 3913 de

207 3923 421 3956 Praesentatione
439 3925 472 3955 ad
489 3926 642 3953 Redonum
661 3923 693 3951 de
710 3922 835 3961 Bynbrole
851 3921 985 3953 Lincoln.
1001 3920 1178 3960 Droecpost

130 3967 261 4001 Mortem
277 3963 371 3994 ultimi
383 3962 581 3995 incumbentis
595 3961 737 4000 ejusdem,

1251 224 1286 255 In
1301 226 1379 260 cuius
1398 235 1453 263 rei,
1470 227 1533 257 ἃς.

1214 263 1376 332 νεωὺῖἓίὶε
1391 263 1506 302 Regina
1520 263 1596 302 apud
1610 263 1888 304 Wstmonasterium,
1906 265 2026 299 decimo
2039 269 2124 300 tertio
2138 267 2186 298 die
2206 265 2276 297 No-

1253 379 1386 409 Ricardus
1410 378 1509 420 Bosson
1532 379 1663 411 ClerIcus
1678 402 1689 419 ,
1713 379 1800 412 habet
1822 379 1928 412 Literas
1949 379 2072 420 Reginae
2093 382 2222 414 Parentes
2240 381 2278 412 de

1215 415 1453 457 Praesentatione,
1470 419 1505 449 ad
1521 420 1675 448 Redoriam
1689 419 1722 448 de
1736 419 1834 454 Purley
1850 420 1955 450 Sarum
1970 419 2072 451 Dioec.
2094 432 2143 459 per
2156 422 2277 453 liberam

1216 454 1456 492 Resignationem
1481 456 1576 487 ultimi
1589 456 1788 488 incumbentis
1806 458 1946 497 ejusdem

1215 535 1235 562 S
1255 493 1293 524 Et
1307 494 1466 572 di1r3iantur
1481 495 1588 525 Literae
1601 494 1658 525 illae
1676 493 1853 528 Reverendo
1875 497 1904 527 in
1920 495 2037 528 Christo
2053 496 2128 528 Patri
2147 497 2279 536 Johanm'

1234 542 1314 562 arum
1354 541 1384 571 pt
1397 544 1423 562 co
1440 544 1463 563 o.

1253 570 1288 601 In
1302 572 1382 609 cujus
1400 542 1454 610 rgi,
1473 572 1536 603 &c-

1285 610 1379 678 geste
1401 611 1505 648 Regina*
1529 611 1604 649 apud
1618 608 1899 652 Wstmonasterium,
1917 612 2037 644 decimo
2051 614 2136 645 tertio
2150 611 2197 643 die
2209 612 2280 645 No-

1215 657 1283 679 vem
1306 658 1351 678 ris.

1256 724 1421 756 Willielmus
1437 725 1541 765 Pensbn
1562 726 1592 756 in
1613 725 1732 757 Artibus
1747 725 1907 766 Magister,
1926 729 2011 760 habet
2028 729 2136 760 Literas
2158 728 2281 768 Reginae

1216 763 1345 795 Parentes
1360 765 1395 795 de
1409 764 1644 803 Praesentatioue,
1662 765 1698 795 ad
1712 767 1866 795 Redonum
1878 767 1911 796 de
1926 767 2054 806 Poughill
2065 767 2158 798 Exon.
2172 767 2280 799 Dioec.

1217 812 1264 840 per
1280 802 1413 834 Mortem
1429 803 1522 834 ultimi
1538 801 1734 834 Incumbentis
1748 804 1888 843 ejusdem,

1254 840 1291 871 Et
1313 842 1476 880 diriguntur
1493 841 1597 873 Literae
1615 842 1690 880 illae,
1707 841 1879 873 Reverendo
1901 845 1930 874 in
1947 843 2067 876 Christo
2085 844 2183 884 Patri,
2203 844 2280 876 Wil-

1215 878 1301 909 lielmo
1315 882 1407 909 Exon.
1428 879 1557 919 Episcopo.

1255 918 1290 949 ln
1309 919 1388 956 cujus
1407 920 1464 956 rei,
1480 919 1542 949 &c.

1285 956 1383 1026 geste
1400 956 1519 996 Regina
1537 957 1611 995 apud
1631 956 1891 998 Westmonasterium
1903 958 2024 990 decimo
2043 961 2126 991 tertio
2142 961 2189 992 die
2208 961 2279 992 No-

1216 1005 1283 1026 vem
1306 1005 1350 1026 ris.

1252 1076 1403 1111 Morganus
1425 1073 1513 1112 Jones
1541 1072 1689 1106 Clericus,
1716 1073 1802 1105 habet
1823 1073 1931 1106 Literas
1950 1074 2074 1114 Reginae
2092 1075 2223 1107 Patentes
2243 1076 2280 1107 de

1214 1110 1444 1151 praesentatione,
1462 1113 1496 1143 ad
1512 1114 1667 1142 Recioriam
1681 1112 1714 1141 de
1729 1115 1825 1152 Gynon
1842 1113 2001 1145 Meneven.
2017 1114 2118 1145 Dioec.
2132 1124 2180 1152 per
2193 1114 2281 1145 Mor-

1216 1159 1273 1181 tem
1290 1151 1383 1181 ultimi
1408 1152 1599 1182 incumbentis
1612 1150 1756 1191 ejusdem3

1253 1189 1292 1219 Et
1305 1190 1465 1227 diriguntur
1483 1190 1586 1221 Literae
1599 1189 1671 1228 illae,
1690 1189 1865 1223 Reverendo
1888 1192 1919 1221 in
1933 1189 2055 1222 Christo
2070 1190 2169 1230 Patri,
2183 1195 2280 1222 Ricar-

1215 1227 1248 1257 do
1266 1230 1413 1258 Meneven.
1430 1227 1563 1268 Episcopo.

1254 1265 1287 1296 In
1302 1268 1382 1305 cujus
1400 1268 1458 1305 rei,
1476 1268 1538 1298 &c.

1290 1304 1379 1336 Teste
1398 1305 1515 1345 Regina
1531 1307 1605 1346 apud
1626 1306 1887 1348 Wstmonasterium
1903 1306 2022 1338 decimo
2035 1307 2081 1339 die
2095 1307 2244 1340 Octobris.
2277 1311 2280 1315 ’

1253 1382 1389 1425 Phjlippur
1412 1383 1494 1423 Tylne
1534 1384 1684 1424 Clericus,
1711 1385 1798 1416 habet
1819 1385 1925 1415 Literas
1943 1383 2069 1422 Reginae
2090 1385 2223 1417 Parentes
2242 1385 2281 1417 de

1215 1421 1477 1465 Praeluentationeffi
1511 1426 1666 1454 ReHoriam
1681 1425 1712 1454 de
1730 1421 1844 1465 Pryston
1859 1423 2021 1454 Bathon.&
2036 1424 2160 1455 Wellen.
2177 1424 2281 1455 Dioec.

1213 1471 1264 1500 per
1277 1461 1392 1504 liberam
1411 1460 1649 1500 Relignationem
1662 1462 1758 1493 ultimi
1775 1461 1973 1493 incumbentis
1990 1463 2131 1501 ejusdem3

1251 1498 1287 1529 Et
1300 1499 1458 1537 diriguntur
1476 1501 1581 1532 Literae
1598 1502 1652 1532 illae
1662 1524 1672 1539 ,
1686 1500 1862 1533 Reverendo
1881 1502 1912 1531 in
1926 1500 2042 1532 Christo
2058 1500 2150 1540 Patri,
2168 1500 2280 1532 Gilber-

1217 1545 1246 1568 to
1262 1538 1385 1567 Bathon.
1401 1537 1440 1573 ό
1456 1538 1569 1570 Wellen.
1587 1541 1722 1579 Episcopo.

1250 1575 1284 1607 In
1304 1577 1383 1614 cujus
1401 1578 1460 1614 rei,
1478 1579 1540 1609 &c-

1288 1615 1378 1646 Teste
1395 1615 1499 1653 Regina
1515 1615 1590 1654 apud
1602 1616 1879 1656 Wstmonasterium,
1897 1618 2016 1650 decimo
2029 1617 2076 1649 die
2096 1617 2244 1649 Odiobris·

1252 1691 1398 1722 Arthurus
1413 1692 1492 1722 Saule
1508 1694 1537 1723 in
1554 1693 1673 1723 Artibus
1690 1692 1828 1732 Magister
1838 1715 1848 1730 ,
1863 1693 1950 1723 habet
1973 1693 2080 1724 Literas
2098 1697 2207 1732 Reginae
2223 1694 2279 1725 Pa-

1214 1739 1303 1761 tentes
1328 1731 1363 1761 ad
1388 1733 1543 1760 Refioriam
1564 1732 1596 1761 de
1620 1734 1730 1770 Bynton
1745 1753 1754 1769 ‚
1777 1740 1848 1760 curri
1875 1731 1978 1760 Libera
2003 1731 2140 1771 Capella,
2166 1731 2276 1763 Glouc.

1216 1769 1319 1799 Dioec.
1333 1769 1397 1807 post
1415 1769 1546 1801 Mortem
1567 1770 1660 1800 ultimi
1674 1768 1869 1799 incumbentis
1883 1768 2025 1806 ejusdem,

1253 1807 1292 1838 Et
1305 1809 1461 1845 diriguntur
1480 1808 1585 1839 Literae
1600 1808 1673 1846 illae,
1689 1807 1863 1838 Reverendo
1886 1808 1917 1837 in
1935 1806 2051 1837 Christo
2072 1807 2150 1838 Patri
2165 1807 2280 1838 Ricardo

1215 1845 1309 1876 Glouc.
1327 1844 1463 1885 EpifiopO.

1253 1884 1288 1915 In
1303 1886 1382 1923 cujus
1401 1887 1457 1923 rei,
1473 1886 1534 1917 &c-

1290 1923 1380 1954 Teste
1393 1924 1496 1962 Regina
1510 1924 1585 1963 apud
1599 1922 1872 1964 Wstmonasterium,
1892 1922 2051 1953 undecimo
2064 1923 2111 1954 die
2129 1922 2280 1955 Odiobris:

1255 2000 1423 2032 Willielmus
1443 2003 1539 2031 Hunte
1561 2000 1708 2039 Clericus,
1724 2000 1809 2031 habet
1825 1999 1934 2031 Literas
1948 2000 2069 2039 Reginae
2092 1999 2221 2031 Patentes
2239 2000 2277 2031 de

1217 2039 1450 2078 Praesentatione,
1468 2042 1508 2070 ad
1520 2043 1656 2070 Vicariam
1672 2040 1704 2069 de
1719 2043 1874 2069 Tamerton.
1898 2038 1992 2069 Eiron.
2009 2039 2112 2070 Dioec.
2135 2049 2185 2077 per
2207 2039 2281 2070 libe-

1216 2089 1276 2109 ram
1293 2078 1526 2115 Resignationem
1542 2082 1657 2109 Simonis
1671 2081 1780 2108 Downe
1800 2076 1927 2116 Clerici3

1257 2117 1292 2147 Et
1314 2118 1470 2157 diriguntur
1493 2117 1598 2149 Literae
1612 2118 1685 2156 illae,
1705 2116 1880 2148 Reverendo
1911 2118 1940 2147 in
1956 2115 2075 2147 Christo
2089 2115 2183 2155 Patri,
2201 2114 2279 2147 Wil-

1214 2155 1302 2186 lielmo
1322 2157 1414 2186 Exon.
1431 2157 1556 2195 Eptstopo

1252 2195 1285 2226 In
1301 2195 1381 2233 cujus
1399 2196 1458 2232 rei,
1476 2196 1536 2226 &c⁴

1284 2233 1376 2304 'bI'este
1395 2233 1507 2274 Regina
1521 2233 1594 2272 apud
1608 2231 1886 2273 westmonasterium,
1902 2231 2019 2264 decimo
2041 2232 2118 2264 sexto
2139 2232 2185 2265 die
2205 2232 2278 2270 No÷

1214 2283 1281 2305 vem
1304 2283 1349 2304 ris.

1249 2353 1338 2380 Simon
1353 2353 1462 2380 Downe
1477 2348 1623 2388 Clericus,
1641 2349 1727 2380 habet
1741 2348 1849 2381 Literas
1864 2348 1991 2386 Reginae
2005 2347 2136 2379 Patentes
2147 2348 2183 2379 de
2199 2349 2277 2379 Prae-

1213 2389 1369 2420 sentatione
1388 2390 1430 2418 ad
1448 2390 1603 2418 Reeloriam
1622 2387 1655 2417 de
1675 2386 1843 2431 Aysshebury
1858 2387 1950 2418 Eiron.
1966 2386 2070 2418 Dioec.
2088 2397 2139 2424 per
2156 2387 2276 2417 liberam

1214 2426 1450 2465 Resignationem
1471 2426 1615 2456 Willielmi
1637 2428 1734 2454 Hunte
1749 2425 1873 2462 Clerici,

1249 2465 1286 2497 Et
1303 2466 1460 2503 diriguntur
1476 2465 1581 2496 Literae
1596 2463 1668 2502 illae,
1686 2462 1860 2494 Reverendo
1872 2463 1902 2492 in
1917 2461 2036 2493 Christo
2049 2461 2136 2500 Patri,
2154 2461 2277 2501 Williek

1213 2515 1254 2534 mo
1273 2507 1365 2534 Exon.
1378 2505 1515 2548 Epijcopo.

1252 2542 1286 2574 ln
1308 2544 1387 2581 cujus
1403 2552 1459 2580 rei,
1480 2543 1543 2574 &c.

1289 2581 1380 2613 Teste
1396 2580 1508 2620 Regina
1522 2579 1596 2618 apud
1609 2576 1888 2618 Wstmonasterium,
1905 2577 1962 2608 xvi.
1981 2576 2028 2607 die
2045 2576 2243 2610 Novembris.⁴

1251 2662 1356 2692 David
1375 2660 1505 2699 Vaughan
1533 2660 1680 2696 Clericus,
1705 2659 1789 2689 habet
1816 2657 1925 2688 Literas
1947 2657 2073 2695 Reginae
2096 2657 2224 2690 Patentes
2238 2660 2275 2692 de

1213 2701 1432 2732 Praesentatione
1446 2700 1487 2730 ad
1492 2700 1646 2728 Reezoriam
1660 2698 1692 2727 de
1702 2699 1819 2736 Martyn
1833 2700 1927 2726 Sancti
1936 2698 2016 2726 Petri¹
2032 2697 2274 2729 Lincoln.Dioec.

1213 2739 1328 2809 deElure
1344 2747 1511 2776 vacantem,

1279 2788 1289 2809 t
1305 2778 1465 2815 diriguntur
1482 2777 1586 2807 Literae
1601 2776 1674 2814 illae,
1690 2774 1865 2806 Reverendo
1877 2774 1908 2804 in
1924 2772 2040 2804 Christo
2060 2773 2154 2813 Patri,
2171 2774 2275 2812 Nicho-

1189 2819 1198 2823 ⁵
1205 2816 1255 2847 ‘Iao
1272 2817 1398 2847 Lincoln.
1416 2816 1549 2860 Episcopo.

1250 2855 1284 2886 In
1303 2856 1383 2893 cujus
1399 2865 1453 2892 rei,
1473 2855 1534 2885 &c.
2057 2871 2062 2875 ·

1286 2893 1375 2925 Teste
1392 2892 1508 2931 Regina
1526 2890 1600 2930 apud
1617 2889 1899 2931 Wstmonasterium,
1918 2889 2054 2921 vicefimo
2074 2888 2120 2920 die
2134 2889 2274 2922 Novem-

1215 2934 1280 2964 bris.

1249 3010 1397 3050 Johannes
1415 3011 1517 3047 Regatt
1540 3007 1686 3044 ClerIcus,
1704 3006 1790 3036 habet
1810 3005 1917 3035 Literas
1938 3003 2065 3042 Reginae
2087 3005 2219 3037 Parentes
2239 3007 2274 3039 de

1214 3049 1433 3081 Praesentatione
1453 3048 1486 3078 ad
1501 3050 1652 3076 Rectoriam
1667 3046 1698 3074 de
1713 3042 1856 3073 Balcombe
1869 3042 1990 3074 Cicestr.
2004 3043 2106 3075 Dioec.
2120 3054 2169 3083 per
2188 3044 2274 3076 Mor-

1215 3097 1276 3119 tem
1293 3088 1387 3118 ultimi
1401 3086 1596 3116 incumbentis
1609 3083 1751 3121 ejusdem,

1253 3126 1289 3158 Et
1302 3127 1457 3165 diriguntur
1474 3125 1575 3154 Literae
1588 3122 1659 3160 illae,
1678 3119 1852 3151 Reverendo
1867 3121 1896 3150 in
1910 3118 2028 3151 Christo
2041 3120 2136 3161 Patri,
2152 3122 2275 3153 Williel-

1217 3177 1259 3196 mo
1273 3164 1380 3203 Cicestr.
1396 3162 1528 3201 Episcopo.

1252 3205 1272 3225 *²
1290 3204 1324 3234 ln
1343 3203 1420 3239 cujus
1440 3202 1496 3239 rei,
1515 3202 1578 3232 &c-

1292 3241 1379 3273 Teste
1395 3239 1512 3278 Regina.
1533 3237 1607 3277 apud
1621 3235 1896 3277 Wstmonasterium,
1913 3235 2050 3268 vicefimo
2071 3236 2118 3268 die
2135 3236 2277 3271 Novem-

1218 3283 1284 3313 bris.

1257 3356 1416 3396 Ambrofius
1431 3353 1582 3395 Lancaster
1603 3355 1632 3384 in
1650 3353 1766 3384 Artibus
1786 3350 1943 3390 Magister,
1965 3351 2049 3383 habet
2064 3352 2172 3386 Literas
2187 3354 2275 3396 Regi-

1217 3407 1263 3427 nae
1285 3397 1410 3427 Parentes
1431 3395 1467 3426 de
1490 3393 1706 3424 Praesentatione
1721 3390 1757 3421 ad
1777 3391 1930 3419 Rec‘loriam
1948 3391 1980 3420 de
1999 3394 2176 3424 Swinecombe
2195 3393 2272 3425 Can-

1217 3444 1286 3467 tuar.
1301 3434 1402 3464 Dioec.
1416 3434 1454 3464 de
1463 3433 1533 3471 Jure
1546 3439 1712 3467 vacantem3

1256 3473 1295 3504 Et
1316 3472 1476 3510 diriguntur
1498 3470 1602 3501 Literae
1625 3469 1680 3498 illae
1703 3466 1952 3498 Reverendiffimo
1973 3468 2012 3505 in]
2034 3467 2153 3499 Christo
2173 3467 2276 3506 Patri,

1219 3511 1338 3543 Matheo
1358 3515 1492 3541 Cantuar.
1509 3507 1718 3546 Archieptfiopm

1258 3551 1291 3582 In
1307 3550 1386 3587 cujus
1404 3549 1460 3587 rei,
1478 3548 1541 3579 &c.

1298 3587 1386 3619 Teste
1401 3587 1517 3625 Regina
1531 3583 1606 3624 apud
1621 3582 1880 3623 Wstmonasterium
1894 3583 1954 3615 viii.
1971 3582 2018 3613 die
2030 3580 2220 3614 Novembris.

1259 3665 1372 3695 Thomas
1394 3665 1511 3694 Hernan
1536 3660 1664 3692 Clericus
1678 3683 1688 3699 ,
1714 3660 1800 3690 habet
1827 3660 1934 3691 Literas
1957 3661 2064 3696 Regina
2087 3657 2215 3690 Patentes
2239 3661 2277 3693 de

1223 3701 1454 3740 Praesentatione,
1470 3701 1506 3732 ad
1522 3702 1673 3730 Rectoriam
1688 3699 1720 3728 de
1735 3701 1855 3728 Rowner
1866 3698 2001 3729 Winton.
2015 3696 2115 3725 Di'oec.

2300 142 2377 175 Ann.
2387 145 2430 177 D.

2293 184 2418 259 8215?ss

2335 264 2394 297 Reg.

2297 3213 2316 3235 ἢ
2343 3212 2412 3241 xv:

2334 3251 2398 3279 666.

1260 3742 1297 3772 Et
1310 3742 1465 3779 diriguntur
1488 3739 1591 3769 Literae
1612 3737 1668 3768 111ae
1689 3735 1862 3768 Reverendo
1877 3737 1908 3766 in
1930 3733 2046 3766 Christo
2061 3732 2138 3765 Patri
2157 3735 2273 3770 Robern
2328 3764 2333 3765 ⁷

1225 3782 1350 3811 Wnton.
1362 3778 1496 3818 Epzfiopo.

1260 3818 1295 3851 In
1313 3817 1391 3848 cu'us
1405 3818 1462 3855 rei,
1485 3818 1548 3847 &c.
1950 3847 1957 3854 ⁸
2007 3848 2012 3853 ¹

1293 3857 1342 3888 Te
1367 3866 1382 3887 e
1398 3854 1515 3894 Regina
1527 3853 1601 3893 apud
1617 3850 1892 3892 Wastmonasterium,
1910 3857 1966 3881 xw.
1985 3845 2032 3880 die
2044 3846 2155 3881 Martii.

2209 3990 2282 4033 mi,
