2542 4274
492 60 1286 112 CONVENTION-ES,
1345 59 1746 112 LITERAE,

63 78 142 116 166

0 161 42 193 D.
1176 187 2236 199 ffi—-W—„ffl
2260 144 2341 176 Arm.
2350 135 2398 214 ι13.»

0 210 23 231 ,⁸
2293 193 2306 212 r
2373 207 2379 212 .

0 219 47 304 ᾆξ’
425 250 477 282 De
502 245 788 292 Praeftntationibus.
1519 242 1569 274 De
1589 243 1728 274 Licentia
1750 241 1903 289 Eligena'i.
2269 192 2399 299 miili*

0 320 45 385 [D
75 337 232 394 REgina
256 334 472 380 Venerabilibus
491 332 568 377 Viris
589 336 702 378 Decanp
722 331 761 377 φ’
776 331 906 379 ν(Γαρὶῑιιξο
930 329 1065 374 Ecclefiae
1081 328 1141 360 Ca-
1180 324 1346 381 REgina‚
1370 324 1482 369 dileffls
1503 325 1554 356 fibi
1575 327 1606 357 in
1634 326 1776 366 Christo,
1788 330 1898 358 Decano
1913 327 1952 363 ὠ·
1973 330 2094 367 capitulo
2108 331 2243 365 Ecclefiae
2295 327 2362 356 lbid.

5 396 22 425 6
48 378 54 384 ’
147 375 275 406 thedralts
302 375 336 405 &
364 372 593 410 Metropoliticae
619 371 729 403 Christi
753 370 957 401 Canruarienhs
973 393 982 408 ‚
1007 369 1042 399 ad
1070 378 1141 407 quos
1237 363 1412 395 Cathedralis
1431 363 1575 396 Roffensis
1593 365 1728 397 Salutem.
2261 377 2299 396 m.
2319 375 2365 402 25,

7 418 34 460 l·
76 416 172 445 omnis
199 415 234 445 &
255 412 426 443 omnimoda
441 410 610 449 JurisdiCtio
631 409 783 449 Spiritualis
801 410 834 440 &
858 408 1053 440 Ecclesiastica
1077 417 1141 445 quae

20 454 26 461 '
77 451 111 481 ad
131 451 390 490 Archiepiscopum
414 449 645 481 Cantuariensem
660 449 733 479 Sede
749 447 832 487 plena
849 448 1000 485 pertinuit,
1018 444 1077 486 ipsa
1090 446 1140 476 Se-

76 490 187 535 de'jam
209 499 342 528 vacante,
363 489 479 520 notorie
496 488 650 519 dinoscitur
667 488 824 526 pertinere,
842 485 973 517 vestrove
992 488 1097 514 Vicario
1110 485 1140 514 in

0 521 22 539 ³·
75 528 273 573 Spiritualibus
298 528 448 565 Generali,
466 535 513 558 aut
530 528 575 557 alii
592 528 765 570 cuicumque
781 524 956 555 Potestatem
972 524 1006 555 ὃς
1025 523 1140 554 Austo-

72 578 187 600 ritatem
206 567 376 598 sufficientes
393 568 422 596 in
446 567 499 596 hac
517 574 593 602 parte
619 565 749 601 habenti,
767 563 904 594 Salutem.

111 608 159 638 Ad
177 608 332 637 Reezoriam
348 605 411 646 five
430 604 574 642 Ecclefiam
596 602 786 632 parochialem
803 602 836 631 de
854 601 1013 640 Busfhoppes
1029 603 1137 630 Bourne

73 644 112 680 ὠ
135 645 261 676 Barbam
289 644 473 676 Cantuarien.
494 643 597 673 Dioec.
624 651 674 679 per
697 641 880 679 spontaneam
904 641 1140 678 Relignationem

72 685 179 716 Thomae
197 683 382 722 Wlloughbye
405 682 512 712 Clerici
527 680 666 710 Sacellani
682 680 790 718 nostri,
808 680 905 710 ultimi
927 679 961 709 δε
979 678 1140 709 immediati

71 724 210 755 Rectoris
234 724 268 754 ὃς
284 721 483 753 Incumbentis
501 719 639 756 ejusdem,
655 719 716 756 jam
736 726 889 749 vacantem
906 718 938 748 δε
960 717 995 747 ad
1014 716 1140 747 nostram

73 763 326 794 Praesentationem
350 763 412 799 jure
438 759 637 797 Praerogativae
662 756 768 788 nostrae
793 756 892 795 Regia:
915 756 1022 786 ratione
1047 756 1141 787 Vaca-

73 803 159 832 tionis
190 801 269 832 Sedis
296 797 548 836 Archiepiscopalis
574 795 758 827 Cantuarien.
798 794 944 832 praeditstae
958 817 968 831 ,
995 794 1050 825 hac
1075 795 1141 825 vice

73 841 248 877 spectantem
263 863 273 877 ,
301 838 452 869 Dile&um
471 835 629 866 Subditum
652 834 800 871 nostrum,
826 831 985 872 Galfridum
1017 835 1151 863 Downes⁴

76 878 230 909 Clericum
247 878 363 908 Artium
388 873 567 912 Magistrum
582 874 665 904 vobis
682 874 898 913 praesentamus,

114 917 261 956 Rogantes
280 916 313 946 &
336 915 381 945 Re
402 914 522 944 uirentes
537 935 546 950 ,
564 921 701 950 quatenus
721 911 842 942 eundem
868 909 1028 949 Galfridum
1051 913 1139 941 Dow-

75 967 140 995 nes,
157 956 191 985 ad
211 955 318 985 did'tam
336 953 382 984 Re
414 953 507 982 oriam
525 951 582 981 five
607 949 764 980 Ecclesiam
787 949 985 980 Parochialem
1007 949 1142 980 admitte-

75 1007 122 1033 re,
140 994 289 1032 ipsumque
312 992 473 1023 Re&orem
499 989 624 1027 ejusdem
646 998 678 1019 ac
708 990 738 1018 in
759 988 793 1019 &
817 988 852 1019 de
869 988 977 1018 eadem'
994 987 1142 1019 instituere

76 1034 216 1066 canonice
239 1035 272 1064 ὅ(
290 1030 439 1067 investire,
458 1037 528 1059 cum
548 1027 600 1057 suis
614 1027 729 1064 Juribus
742 1027 774 1058 &
794 1026 972 1056 pertinentiis
985 1027 1137 1066 universis,

76 1081 232 1111 caeteraque
255 1079 386 1108 peragere
400 1069 433 1098 δε
451 1066 620 1104 perimplere
635 1089 645 1104 ,
677 1075 740 1105 quae
758 1065 854 1095 vestro
878 1067 908 1095 in
925 1065 980 1096 hac
999 1074 1077 1103 parte
1096 1066 1141 1103 inf
1178 1089 1185 1105 .⁴

77 1111 219 1143 cumbunt
238 1109 352 1139 Officio
372 1105 525 1144 pastorali,
542 1105 632 1136 velitis
649 1114 719 1135 curn
737 1104 843 1135 favore.

114 1149 149 1180 In
169 1150 247 1187 cujus
264 1148 321 1184 rei,
339 1147 398 1177 δίε.

151 1225 242 1257 Teste
261 1224 375 1265 Regina
397 1223 472 1264 apud
489 1227 629 1263 Hampton
651 1226 758 1256 Courte.
776 1233 862 1254 nono.
883 1222 943 1253 Die
957 1221 1092 1261 Januarii.

540 1303 594 1331 Per
616 1305 709 1331 Breve
729 1300 762 1330 de
777 1303 899 1330 Privato
913 1299 1013 1337 Sigillo.

101 1381 287 1453 *dClonfimiles
306 1381 412 1413 Literas
427 1379 556 1412 Parentes
571 1379 675 1410 habent
689 1377 835 1417 subscripti
849 1378 900 1409 sub
919 1377 1034 1410 diversis
1053 1377 1148 1417 Dati53

77 1433 107 1453 vi
128 1432 142 1452 e
156 1430 211 1452 icet
223 1444 234 1460 ,

111 1499 272 1529 Edmundur
294 1498 369 1539 Lilly
390 1500 420 1530 in
441 1498 557 1529 Artibus
579 1496 740 1534 Magister,
763 1496 804 1526 ad
815 1496 970 1526 Rei-variam
993 1495 1026 1525 de
1043 1496 1148 1535 Hewys

78 1539 150 1569 infra
176 1537 356 1569 Decanatum
371 1537 406 1568 de
421 1537 567 1575 Plimpton
584 1535 675 1566 Exon.
696 1535 799 1566 Dioec.

119 1577 259 1606 Walterur
289 1580 382 1617 Hayre
408 1577 495 1606 Verbi
514 1576 575 1606 Dei
594 1574 768 1605 Praedicator
784 1598 793 1609 .,
817 1574 856 1603 ad
879 1576 1073 1603 Canonicatum
1085 1571 1150 1613 five

79 1615 257 1645 Praebendam
277 1617 347 1647 infra
367 1614 525 1646 Ecclefiim
549 1613 751 1644 Cathedralem
773 1612 895 1643 Roffen.

117 1654 267 1684 Richardus
285 1657 394 1694 Harrys
413 1655 528 1684 Artium
552 1652 708 1691 Magister,
725 1651 759 1682 ad
783 1654 977 1681 Canonicatum
987 1649 1052 1691 five
1072 1652 1150 1680 Prae-

79 1693 194 1723 bendum
211 1694 283 1723 infra
305 1693 462 1724 Ecclesiam
476 1691 677 1722 Cathedralem
689 1690 830 1727 Wigorn.

117 1731 264 1771 Jolmnnes
286 1731 458 1771 Blapplesden
486 1731 601 1761 Artium
622 1728 760 1768 Magister
773 1751 784 1767 ‚
814 1729 854 1757 ad
871 1731 1068 1758 Canonicatum
1084 1727 1149 1767 five

82 1771 261 1801 Praebendam
279 1771 351 1802 infra
369 1770 526 1800 Ecclesiam
543 1768 744 1799 Cathedralem
765 1766 882 1797 Rofi‘en.

120 1810 234 1839 Thimas
251 1809 338 1849 Croſj}
357 1808 488 1839 Clericus
510 1808 624 1838 Artium
643 1805 798 1844 Magister,
819 1804 854 1835 ad
873 1804 1020 1844 Ecclesiam
1043 1805 1075 1834 de
1096 1808 1150 1834 Su-

82 1849 194 1879 therton
215 1849 339 1879 Lincoln
360 1847 462 1879 Dloec.

120 1889 266 1927 Johannef
284 1887 413 1917 lVatkins
431 1886 545 1917 Artium
566 1883 724 1921 Magister,
748 1883 788 1912 ad
808 1886 983 1913 Decanatum
993 1881 1057 1922 sive
1078 1885 1148 1920 Dig-

83 1931 200 1959 nitatem
223 1925 391 1956 Decanalem
410 1926 440 1955 in
460 1923 586 1955 Ecclesia
611 1921 771 1953 Cathedrali
787 1921 980 1952 Hereforden.

119 1966 266 2006 Johannes
288 1964 394 2004 Collyns
417 1964 533 1994 Artium
555 1961 690 2001 Magister
724 1960 764 1989 ad
777 1961 931 1990 ReHoriam
947 1959 979 1989 de
994 1958 1152 1989 Northhin-

72 2005 122 2045 fhe
140 2008 168 2036 in
188 2005 339 2035 Decanatu
360 2003 516 2040 Plimpton.
537 2000 679 2031 Exonien.
732 2001 801 2030 ioec.

0 2057 45 2083 [v.
100 2045 275 2084 *Johanner
290 2046 367 2080 Rugg
385 2043 415 2072 in
435 2040 553 2072 Artibus
572 2037 733 2077 Magister,
750 2038 784 2069 ad
804 2037 981 2068 Praebendam
986 2035 1049 2075 five
1065 2039 1154 2067 Cano-

85 2088 203 2115 nicatum
223 2082 296 2113 infra
316 2081 474 2112 Ecclesiam
496 2077 692 2115 Collegiatam
709 2077 806 2108 Sanffi
823 2076 900 2107 Petri
917 2076 1048 2108 VVestm.

125 2123 269 2162 Jolmmier
290 2120 416 2151 lVoolton
438 2117 566 2149 Clericus
580 2140 591 2156 ,
610 2116 644 2148 ad
662 2117 819 2146 Reaoriam
837 2115 870 2145 de
891 2118 1014 2154 Spaxtoa
1034 2113 1153 2146 Bathon.

87 2163 120 2194 &
140 2161 262 2192 W'ellen.
283 2159 388 2190 Dioec.

124 2204 214 2231 Simon
241 2201 321 2228 Hart
348 2197 478 2228 Clericus
494 2219 504 2235 ,
531 2195 566 2227 ad
584 2197 738 2225 Portionem
757 2194 789 2224 de
810 2192 891 2224 clare
916 2194 946 2224 in
974 2192 1099 2224 Ecclesia
1116 2192 1152 2224 de

87 2239 232 2270 Tiverton
252 2238 345 2268 Exon.
366 2237 468 2267 Dioec.

127 2277 286 2309 Willielmus
311 2276 433 2306 Redman
453 2275 547 2306 Sacrae
563 2273 738 2308 Theologiae
756 2271 947 2302 Baccalaurius
960 2293 970 2309 ‚
994 2270 1028 2301 ad
1047 2269 1154 2301 Archi-

89 2319 263 2348 diaconatum
290 2315 345 2345 sive
375 2312 634 2345 Archidiaconalem
667 2313 843 2348 Dignitatem
873 2309 1098 2349 Cantuarienfi’m
1124 2311 1155 2340 in

91 2356 216 2388 Ecclesia
235 2353 395 2385 Cathedrali
414 2356 448 2386 δε
471 2352 689 2390 Metropolitica
710 2348 819 2381 Christi
839 2348 973 2379 Cantuar.

425 2483 532 2514 Literae
554 2478 590 2512 de
614 2481 637 2512 S
637 2476 817 2526 ignificavit.

64 2598 70 2604 .
95 2572 152 2627 R
163 2571 253 2616 Egina
263 2568 459 2615 ,Reverendis
478 2569 508 2598 in
524 2566 641 2598 Christo
655 2565 784 2596 Patribus
795 2575 828 2610 ac
838 2563 1013 2610 Praedileffis
1028 2563 1061 2595 ὃς
1077 2563 1160 2611 Fide-

173 2611 243 2641 libus
263 2614 333 2642 luis„
351 2609 471 2638 Edu-1710
488 2606 614 2636 London.
633 2604 749 2634 Roberto
763 2607 805 2634 W
805 2611 894 2634 inton.
918 2603 1053 2633 Richardo
1071 2603 1159 2633 Elien.

94 2651 223 2692 Jobaizni
243 2647 335 2688 Herzf,
356 2646 492 2677 Richardo
515 2648 664 2676 Menevcn.
683 2644 717 2675 δε
736 2643 880 2672 Edmundo
896 2646 1010 2680 Sarum,
1029 2642 1160 2680 respecti-

24 2694 48 2719 ἐῒ.
70 2713 77 2719 .
96 2694 131 2722 ve
151 2689 316 2727 Episcopis,
336 2686 469 2717 Salutem.

132 2729 233 2766 Cum,
260 2734 376 2756 vacante
400 2735 488 2762 nuper
512 2723 585 2754 Sede
610 2720 852 2761 Archiepiscopali
874 2719 1089 2757 Cantuarienfi,
1113 2729 1163 2757 per

96 2769 228 2801 Mortem
242 2764 396 2795 naturalem
420 2764 506 2794 bonae
526 2762 683 2792 Memoriae
702 2760 828 2790 Domini
844 2759 956 2788 Mathei
976 2759 1083 2788 Parker
1098 2759 1163 2789 ulti-

96 2810 139 2839 mi
159 2808 192 2838 &
216 2802 375 2835 immediati
391 2801 609 2840 Archiepiscopi
626 2801 658 2830 &
674 2799 795 2830 Pastoris
809 2798 952 2836 ejusdem,
965 2797 999 2827 ad
1021 2797 1160 2827 humilem

95 2846 273 2878 Petitionem
290 2844 395 2871 Decani
418 2839 456 2874 ὠ
479 2840 599 2878 Capituli
618 2838 757 2868 Ecclesiae
780 2836 885 2867 nostrae
901 2835 1078 2866 Cathedralis
1094 2835 1163 2866 Me-

98 2883 269 2923 tropoliticae
293 2879 400 2909 Christi
417 2878 550 2908 Cantuar.
567 2876 671 2907 eisdem
682 2899 691 2914 ‚
710 2886 759 2913 per
775 2876 883 2906 Literas
905 2874 1014 2904 nostras
1030 2873 1164 2905 Patentes

97 2923 260 2955 Licentiam
284 2917 508 2948 concesserimus
528 2916 613 2945 alium
635 2915 684 2944 sibi
705 2914 825 2954 eligendi
851 2914 880 2942 in
906 2912 1163 2952 Archiepiscopum

98 2965 133 2995 ὃς
156 2959 302 2993 Pastorem
321 2956 400 2987 Sedis
416 2954 562 2993 praedidtae
582 2963 615 2984 ac
637 2953 724 2982 iidem
747 2955 872 2981 Decanus
887 2950 925 2986 (ἐν
947 2951 1101 2986 Capitulum
1119 2953 1164 2982 vi-

98 3011 172 3040 gore
192 3000 225 3030 ὃ(
241 2998 361 3027 obtentu
378 2995 518 3025 Licentiae
532 2992 635 3023 nostrae
653 2990 816 3029 praedictae,
836 2989 1119 3020 Reverendiffimum
1135 2991 1163 3020 in

99 3039 218 3071 Christo
241 3037 357 3067 Patrem
378 3043 412 3065 ac
435 3032 632 3073 praedilefium
657 3032 689 3062 ὃς
713 3028 824 3060 fidelem
854 3029 984 3059 nostrum
1004 3052 1012 3066 ,
1042 3030 1167 3059 Edmun-

102 3081 166 3110 dum
193 3073 389 3112 Eboracensbm
414 3070 646 3110 Archiepisc'opum
674 3069 786 3107 Angliae
812 3066 967 3097 Primatcm
996 3070 1029 3099 ὃς
1055 3067 1167 3098 Metro-

101 3119 262 3157 politanum
277 3113 328 3142 sibi
346 3114 379 3143 δε
398 3110 532 3141 Ecclesia:
544 3108 688 3147 praedic‘iae
704 3108 849 3145 elegerunt
865 3106 1166 3148 iii-Archiepiscopum

102 3159 137 3189 ὃς
155 3154 319 3190 Pastorem,
344 3158 428 3188 prout
440 3159 488 3185 per
504 3149 610 3178 Literas
627 3147 684 3177 suas
703 3146 833 3176 Patentes
846 3145 947 3181 Sigillo
965 3155 1067 3176 eorum
1082 3155 1166 3176 com-

106 3196 209 3232 muni,
229 3190 372 3228 sigillatas,
390 3187 488 3218 Nobis
503 3187 568 3217 inde
586 3185 721 3222 direfras,
738 3184 846 3224 plenius
863 3183 950 3220 liquet
968 3186 1001 3215 δι
1016 3193 1144 3222 apparet,

144 3234 232 3270 Nos,
251 3229 436 3261 Eleffionem
451 3227 528 3256 illam
549 3232 742 3262 acceptanteS,
761 3222 857 3253 eidem
877 3221 1019 3252 Eleffioni
1041 3223 1167 3261 Regium

106 3272 236 3304 nostrum
258 3267 406 3299 Affensum
429 3264 610 3296 adhibuimus
632 3263 732 3300 pariter
751 3262 785 3292 ὃς
804 3261 965 3299 Favorem3
984 3262 1018 3293 &
1036 3261 1095 3292 hoc
1116 3271 1170 3292 vo-

105 3313 149 3343 bis
168 3310 286 3340 Tenore
307 3304 490 3337 Praescnrium
506 3301 708 3339 significamus:

146 3350 312 3386 Rogantes,
330 3354 364 3375 ac
379 3345 409 3373 in
425 3343 492 3372 Fide
507 3342 540 3372 δε
562 3340 727 3371 Dilec‘tione
741 3338 843 3377 quibus
861 3338 946 3368 nobis
967 3339 1109 3369 tenemini
1123 3337 1169 3368 fir-

110 3390 192 3420 miter
212 3382 404 3424 praecipiendo
427 3380 614 3417 mandamus,
650 3387 765 3408 uatenus
782 3386 851 3414 VOS,
871 3386 918 3408 aut
937 3378 972 3407 ad
995 3378 1088 3408 minus
1102 3387 1171 3416 qua-

111 3437 176 3459 tuor
193 3424 338 3460 vestffrm,
365 3419 488 3451 eundem
513 3418 623 3447 Edmun
642 3428 686 3447 um
706 3414 897 3453 Eboracenfi‘m
919 3415 1171 3455 Archiepijscopum‚

110 3469 140 3497 in
160 3462 414 3500 Archiepiscopum
437 3460 469 3489 &
490 3456 638 3488 Pastorem
654 3454 791 3485 Ecclesiae
809 3453 986 3484 Cathedralis
1002 3455 1035 3485 δε
1058 3453 1174 3484 Metro-

124 3504 241 3534 *oliricoe
260 3499 367 3532 Christi
397 3496 530 3527 Cantuar.
554 3494 699 3534 proediCme
714 3516 724 3530 ,
748 3492 786 3522 sic
805 3500 835 3522 ut
860 3492 1005 3532 praesertur
1024 3492 1147 3523 elefium
1162 3514 1172 3530 ,

114 3517 351 3578 Electionemque
369 3535 536 3574 praedititam
559 3532 747 3569 confirmare,
763 3540 921 3570 caeteraque
944 3531 1045 3561 omnia
1061 3531 1095 3561 &
1118 3530 1173 3560 sin-

116 3582 183 3617 gula
202 3588 333 3618 peragere
353 3577 385 3606 δε
405 3573 573 3612 perimplere
589 3596 598 3611 ‚
626 3580 688 3611 quae
710 3569 805 3600 vestro
830 3570 859 3599 in
885 3569 1035 3612 hac‘parte
1060 3570 1175 3600 incum-

116 3622 188 3650 bunt
208 3618 321 3648 Officio
339 3613 487 3649 Pastorali,
508 3613 586 3650 juxta
605 3610 730 3640 formam
751 3608 926 3639 Statutorum
946 3618 974 3638 in
993 3618 1025 3640 ea
1042 3616 1120 3649 parte
1146 3617 1176 3638 e-

116 3659 240 3690 ditorum
256 3658 288 3687 &
307 3652 502 3693 provisorum,
519 3650 608 3681 velitis
625 3658 696 3680 cum
715 3646 831 3678 effectu.

158 3696 192 3725 ln
212 3695 290 3733 cujus
303 3695 360 3731 rei,
378 3692 440 3722 &c-

192 3770 282 3803 Teste
294 3768 408 3810 Regina
431 3766 506 3807 apud
525 3763 803 3806 lWstrnorzafleriicin2
820 3762 934 3792 decimo
951 3771 1050 3800 quarto
1064 3761 1110 3793 die
1127 3762 1180 3792 Fc-

124 3810 231 3840 bruarii.

612 3883 664 3911 Por
685 3882 778 3910 Breve
797 3878 829 3908 de
847 3878 965 3908 Privato
977 3877 1075 3917 sigillo.

1218 402 1263 433 Ex
1284 412 1365 447 parte.
1378 402 1469 434 vestra
1484 405 1569 434 nobis
1583 404 1626 435 est
1642 405 1789 436 humiliter
1814 404 2002 443 supplicatum
2021 415 2069 445 ut,
2092 412 2162 441 cum
2183 409 2244 442 Ec-

1181 440 1262 472 clefia
1278 441 1428 479 praedicia,
1439 452 1496 486 ‘per
1511 442 1745 474 Transsationem
1762 444 1855 475 ultimi
1869 443 2006 482 Episcopi
2025 446 2169 487 ejusdem,
2184 453 2246 490 jam

1181 488 1265 523 vacet
1279 481 1313 511 &
1336 480 1459 511 Pastoris
1483 480 1517 511 fit
1533 481 1631 512 solatio
1648 482 1781 513 destituta
1816 483 1903 513 alium
1920 483 2003 514 vobis
2019 484 2142 515 elioendi
2155 488 2185 517 in
2206 488 2247 519 E-

1180 518 1331 562 piscopum
1348 519 1381 550 &
1397 518 1544 551 Pastorem
1561 519 1724 552 Licentiam
1738 505 1866 552 nostram
1884 508 2075 553 fundatoriarii
2081 525 2164 555 vobis
2180 536 2250 557 con-

1180 557 1282 588 cedere
1297 556 1495 626 dissnatemur,
2114 565 2130 581 0

1219 596 1306 634 Nos,
1321 635 1326 640 .
1347 598 1459 641 recibus
1475 597 1573 628 vestris
1591 599 1620 628 in
1640 599 1695 629 hac
1713 606 1790 637 parte
1808 599 1998 631 favorabiliter
2016 600 2200 641 inclinantes,
2216 602 2251 632 il-

1180 634 1238 665 lam
1256 635 1340 665 vobis
1356 635 1490 666 duximus
1508 636 1744 676 concedendam,

1220 673 1367 712 Rogantes
1384 674 1464 712 quod
1483 675 1570 706 talem
1586 676 1670 706 vobis
1687 676 1793 716 eligatis
1807 677 1837 706 in
1852 675 2027 715 Episcopum
2042 679 2076 710 &
2090 678 2250 718 Pastorem,

1181 712 1320 782 {ixiiiistsseo
1338 712 1492 752 Devotus,
1508 713 1663 753 Nobisque
1682 716 1716 747 δε
1736 715 1845 755 Regno
1862 714 1963 747 nostro
1986 716 2076 748 Utilis
2098 718 2132 749 ὅ(
2150 718 2251 749 Fidelis

1217 788 1252 820 In
1269 790 1350 828 cujus
1363 792 1422 829 rei,
1438 792 1501 823 &c.

1255 867 1343 899 Teste
1360 867 1476 907 Regina
1491 870 1565 909 apud
1579 870 1751 911 Gorambury
1766 871 1844 902 sexto
1858 871 1906 902 die
1921 871 2033 909 Aprilis.

1728 951 1782 978 Per
1797 951 1891 979 Breve
1902 948 1934 979 de
1942 950 2063 980 Privato
2077 950 2178 988 Sigillo.

1545 1073 1571 1100 *
1588 1075 1638 1108 De
1660 1073 1864 1121 Significavit.
2295 1096 2311 1113 i.
2323 1097 2393 1124 XV-

1187 1157 1361 1212 REgina,
1379 1159 1632 1205 Reverendislimo
1648 1161 1677 1190 in
1691 1159 1809 1192 Christo
1825 1161 1916 1208 Patri3
1931 1171 1966 1192 ac
1983 1161 2149 1200 praedilec‘to
2167 1162 2200 1193 &
2220 1162 2252 1193 fi·
2272 1144 2410 1204 Αζῑζῖῐ).

1261 1198 1986 1276 dbsDEsmdAr-‘htp‘ffflp‘’
2002 1201 2251 1245 s

1185 1275 1285 1308 lutem.
1433 1249 1452 1279 q
1537 1249 1556 1276 p
1617 1247 1636 1276 p
1684 1248 1808 1277 quorum
1824 1249 1855 1269 iri
1893 1248 1927 1270 ac
1947 1248 2027 1277 parte
2044 1248 2185 1279 merent,
2203 1240 2240 1272 Sa
2271 1256 2333 1296 paf,
2350 1251 2395 1279 18,

1202 1355 1207 1359 .
1227 1315 1310 1346 Ctim
1329 1324 1449 1360 vacante
1472 1325 1564 1362 nuper
1589 1315 1662 1360 Sede
1683 1315 1844 1355 Episcopali
1864 1316 1998 1348 Roffenfi
2013 1340 2023 1356 ‚
2047 1315 2105 1355 per
2120 1317 2257 1349 Transsa-
2274 1288 2409 1365 {gamz-

1188 1362 1301 1385 tionem
1318 1354 1412 1384 ultimi
1435 1353 1556 1394 Epzfiopt
1578 1354 1723 1394 ejusdem,
1751 1355 1786 1386 ad
1811 1355 1953 1386 humilem
1974 1355 2147 1387 Petitionem
2168 1360 2261 1388 Deca-

1189 1396 1218 1423 m'
1238 1392 1277 1428 ὠ
1296 1393 1416 1430 Capituli
1444 1393 1582 1424 Ecclesiae
1609 1393 1713 1424 nostrae
1735 1393 1908 1425 Cathedralis
1931 1395 2052 1426 Roffen.
2078 1405 2127 1433 per
2152 1395 2259 1428 Literas

1190 1431 1298 1462 nostras
1321 1432 1468 1469 Parentes,
1488 1432 1650 1464 Licentiam
1668 1432 1892 1464 concesserimus
1905 1432 1993 1464 alium
2012 1434 2065 1464 fibi
2081 1434 2212 1474 eligendi.
2226 1436 2259 1467 in

1153 1477 1160 1483 ·
1190 1470 1366 1510 Episcopum
1386 1472 1420 1502 δε
1444 1471 1591 1502 Pastorem
1611 1470 1691 1502 Sedis
1717 1471 1880 1510 praedidiae,
1898 1472 1986 1502 iidem
1999 1476 2126 1502 Decanus
2143 1473 2177 1504 &
2201 1477 2259 1504 ca-

1186 1509 1323 1553 pitulani,
1347 1510 1446 1548 vigore
1470 1510 1503 1541 ὃς
1527 1511 1649 1542 obtentu
1674 1509 1815 1541 Licentiae
1833 1511 1998 1549 praedietae‚
2015 1510 2155 1543 dilectum
2173 1513 2260 1543 nobis

1193 1558 1224 1579 in
1240 1547 1587 1593 Chnsto,Venerabssem
1596 1548 1701 1579 Virum
1718 1548 1896 1590 Magistrum
1913 1549 2076 1588 Johannem
2096 1548 2193 1590 Peerse
2208 1551 2262 1582 Sa·-

1194 1597 1250 1618 crae
1267 1587 1441 1627 Theologiae
1457 1587 1670 1625 Profefforem‚
1681 1587 1731 1618 sibi
1747 1589 1780 1620 &
1795 1587 1931 1619 Ecclesiae
1946 1589 2093 1627 praedie‘tae
2111 1589 2261 1628 elegerunt

1191 1626 1221 1656 in
1246 1625 1422 1670 Episcopum
1438 1627 1472 1656 &
1488 1625 1653 1668 Pastorem,
1670 1633 1755 1668 prout
1773 1636 1822 1662 per
1839 1627 1947 1657 Literas
1960 1628 2017 1658 suas
2036 1628 2136 1668 sigillo
2155 1638 2261 1661 eorum

1193 1663 1359 1695 Communi
1373 1664 1520 1702 figillaras‚
1536 1664 1621 1693 nobis
1635 1662 1701 1692 inde
1711 1662 1852 1701 directas,
1865 1664 1976 1707 plenius
1988 1666 2075 1703 liquet
2088 1668 2122 1697 &
2137 1677 2262 1704 apparet.-

1227 1702 1262 1732 N
1265 1713 1315 1741 os,
1334 1702 1519 1733 Eleisionem
1540 1701 1618 1731 illam
1639 1708 1836 1740 acceptante3‚
1853 1701 1948 1731 eidem
1966 1702 2110 1733 Eledtioni
2126 1704 2260 1742 Regium

1191 1739 1323 1771 nostrum
1343 1740 1494 1772 Assensum
1518 1740 1698 1771 adhibuimus
1724 1739 1828 1776 pariter
1845 1740 1879 1771 &
1896 1739 2056 1778 Favorem3
2073 1741 2108 1772 δε
2125 1742 2185 1772 hoc
2206 1753 2275 1775 vo..

1193 1780 1257 1848 bisl}
1266 1779 1384 1810 Tenote
1399 1779 1602 1824 praesentium,
1619 1777 1827 1822 significamus:
1910 1817 1914 1822 ,

1194 1816 2264 1896 ΕῐωῗιέἰηὲῖῗέςῑὲῗεὲἓοῗῗξῃὲἑῃἔζΐεῇζῖἓὲυὲἳᾏῗὲυῃΝᾱὲξῖῗΝιέῗῶῗῧὲἰ

1193 1895 1353 1964 {ohannem
1373 1897 1466 1935 Peerse
1484 1897 1512 1925 in
1528 1894 1704 1933 Episcopum
1719 1895 1752 1926 &
1767 1894 1917 1926 Pastorem
1932 1894 2068 1926 Ecclefiae
2084 1895 2264 1927 Cathedralis

1227 1933 1342 1965 offenfis
1375 1935 1519 1972 praedic'tae
1551 1935 1589 1965 lic
1622 1943 1652 1965 ut
1675 1933 1823 1971 praefei-rur
1844 1933 1970 1964 electum
1984 1957 1994 1972 ‚
2024 1934 2264 1974 Electionemque

1193 1973 1363 2010 praedictam
1385 1974 1572 2012 confirmare,
1591 1973 1624 2004 &
1643 1972 1766 2004 eundem
1788 1971 1946 2011 Johannem
1968 1973 2064 2013 Peerse
2086 1973 2263 2012 Episcopum

1193 2013 1227 2043 &
1241 2011 1389 2042 Pastorem
1410 2012 1547 2044 Ecclesiae
1569 2012 1715 2050 praedietae
1738 2012 1916 2049 consecrare,
1935 2020 2091 2050 caeteraque
2111 2015 2210 2044 omnia
2225 2015 2262 2045 &

1194 2050 1302 2089 singula
1323 2060 1456 2095 peragere
1475 2053 1508 2082 ὃς
1523 2051 1710 2095 perimplere‚
1729 2060 1793 2088 quae
1813 2050 1909 2082 vestro
1931 2054 1960 2080 in
1977 2051 2032 2081 hac
2051 2059 2133 2091 parte
2147 2053 2274 2083 incurri-v

1196 2090 1270 2121 bunt
1291 2089 1405 2121 Officio
1426 2089 1561 2122 Pastorali
1578 2113 1587 2129 ,
1611 2098 1688 2128 Juxta
1709 2089 1836 2120 formam
1858 2088 2034 2121 Statutorum
2056 2091 2087 2121 in
2109 2090 2163 2122 hac
2187 2100 2266 2130 parte

1195 2128 1341 2159 editorum
1363 2130 1396 2160 &
1416 2130 1616 2168 provisorum,
1636 2129 1727 2161 velitis
1747 2138 1817 2160 cum
1835 2127 1950 2161 effeetu.

1231 2167 1265 2198 In
1285 2169 1366 2207 cujus
1383 2170 1441 2208 rei,
1459 2170 1521 2202 ὅτε,
1782 2183 1785 2186 ⁴

1235 2245 1324 2277 Teste
1342 2247 1460 2289 Regina
1476 2247 1555 2286 apud
1569 2248 1756 2288 Gorhambury
1771 2246 1949 2279 duodecimo
1968 2247 2015 2279 die
2032 2224 2147 2287 Aprilis:

1711 2329 1766 2357 Per
1778 2329 1872 2357 Breve
1884 2327 1917 2356 de
1930 2328 2052 2357 Privato
2059 2325 2161 2365 Sigillo.

1222 2457 1271 2488 De
1295 2456 1386 2502 Regio
1410 2451 1533 2498 Affinsu
1550 2478 1560 2495 ‚
1589 2454 1701 2546 Ιὶιὶἰῇ
1721 2450 1947 2532 Zzaesjlndzlrjjione
1968 2449 2014 2483 ad
2039 2425 2249 2495 Epis‘eopatum

1277 2590 1372 2629 Egina
1409 2585 1659 2618 Reverendisfimo
1683 2587 1712 2616 in
1735 2584 1855 2616 Christo
1879 2583 1958 2615 Patri
1986 2584 2019 2615 δε
2049 2583 2215 2622 praedilecto
2237 2584 2270 2615 fi-
2290 2581 2422 2614 Ann.D.

1204 2598 1267 2662 R
1288 2630 1344 2660 deli
1365 2626 1483 2664 nostro,
1506 2625 1643 2656 Domino
1664 2624 1827 2661 Edmundo‚
1848 2622 2035 2653 Permiffione
2057 2621 2173 2661 divina,
2195 2627 2271 2654 can-
2313 2624 2398 2660 1576.

1204 2664 1562 2709 tuarienfiArchiepifiopo‚
1578 2664 1612 2693 ad
1629 2673 1716 2701 quem
1738 2662 1826 2700 (Sede
1841 2660 2067 2700 Archiepilc'opali
2084 2661 2204 2691 Eborum
2217 2673 2270 2692 va·
2291 2662 2357 2690 ibid.
2383 2669 2420 2689 m.

1204 2709 1301 2743 cante)
1327 2708 1357 2736 in
1381 2705 1434 2735 hac
1459 2711 1535 2743 parte
1562 2703 1687 2740 pertinet
1696 2707 1710 2740 ¹,
1734 2710 1769 2732 ac
1793 2701 1851 2731 aliis
1877 2701 2101 2740 quibuscumque
2125 2699 2273 2740 Episcopis
2332 2708 2378 2735 24.

1204 2755 1327 2785 quorum
1346 2745 1374 2774 in
1392 2744 1446 2773 hac
1469 2750 1546 2782 parte
1567 2741 1706 2777 intererit,
1725 2739 1862 2770 Salutem.

1243 2783 1326 2815 Cum
1352 2781 1533 2821 prcedilectus
1558 2780 1591 2811 δε
1617 2788 1753 2817 perquam
1779 2777 1867 2808 fidelis
1899 2776 2134 2814 Conlanguineus
2156 2778 2272 2818 nosterg

1205 2825 1338 2853 Henrirus
1361 2825 1450 2851 Comes
1475 2817 1605 2856 Derbiae,
1623 2827 1657 2848 ex
1677 2817 1796 2848 Induitis
1818 2817 1852 2848 &
1871 2816 2080 2855 Largitionibus
2097 2817 2272 2854 Progenito-

1206 2873 1271 2892 rum
1290 2860 1454 2891 nostrorum
1479 2857 1602 2894 Regum
1626 2857 1660 2887 ὃς
1686 2856 1857 2893 Principum
1879 2854 1960 2892 hujus
1979 2854 2078 2892 Regni
2095 2854 2185 2885 nostri
2207 2856 2272 2887 An-

1207 2901 1293 2938 gliae,
1310 2897 1545 2937 Progenitoribus
1565 2895 1617 2926 suis
1635 2894 1802 2925 Comitibus
1821 2893 1939 2924 Derbiae
1953 2894 1989 2924 ab
2004 2895 2120 2932 antiquo
2137 2893 2218 2925 factis
2234 2896 2270 2927 &

1207 2940 1324 2979 elargitis
1342 2938 1496 2974 eidemque
1513 2937 1612 2964 comiti
1628 2933 1802 2964 Haeredibus
1815 2933 1848 2963 &
1863 2931 2078 2963 Successoribus
2094 2932 2148 2964 suis
2168 2933 2221 2964 rite
2236 2935 2273 2966 δε

1207 2979 1335 3018 legitime
1355 2974 1548 3009 confirmatis,
1565 2973 1598 3003 &
1613 2972 1702 3011 longo
1719 2971 1785 3002 Usu
1799 2970 1941 3007 stabilitis,
1955 2970 2005 3008 Jus
2022 2972 2122 3002 habeat
2135 2970 2274 3002 Patrona-

1207 3016 1252 3047 ὠς
1271 3013 1492 3053 Nominationis
1518 3010 1741 3043 Praesentationis
1762 3011 1796 3041 &
1818 3009 2020 3049 Dispositionis
2037 3009 2222 3048 Episcopatus
2242 3011 2273 3041 in

1206 3055 1296 3086 Insula
1315 3055 1350 3085 de
1366 3052 1439 3084 Man
1455 3049 1642 3082 Eboracensis
1657 3048 1821 3080 Provinciae
1839 3048 1870 3077 in
1889 3048 2014 3086 qualibet
2027 3049 2085 3087 ejus
2105 3047 2276 3088 Vacatione,

1207 3095 1244 3124 ita
1265 3093 1361 3133 quod,
1379 3091 1460 3122 dieto
1481 3089 1655 3127 Episcopatu
1670 3096 1850 3126 quacumque
1864 3087 1971 3116 ratione
1989 3095 2125 3126 vacante,
2144 3087 2218 3119 bene
2239 3088 2275 3118 li-

1209 3142 1270 3163 ceat
1292 3131 1387 3162 eidem
1405 3127 1502 3160 Comiii
1520 3127 1690 3172 Haeredibus
1703 3126 1748 3170 ’ὃς
1769 3124 1987 3169 Successoribus
2007 3124 2077 3164 suis,
2103 3135 2276 3163 quamcum-

1209 3162 2273 3246 {lffssdgssrsfissis‘ss‘offaffinlssssiRfflgsfflffisssni‘l‘ssffissluffiqlss‘ffleffpiscffi

1209 3257 1277 3288 patu
1289 3245 1448 3285 hujusmodi
1463 3243 1652 3282 confirmare,
1669 3242 1784 3273 Munus
1799 3251 1833 3271 ue
1849 3240 2079 3272 Consecrationi's
2088 3241 2185 3272 eidem
2201 3252 2275 3273 con-

1211 3286 1283 3318 ferre
1299 3309 1308 3323 ,
1333 3284 1536 3315 Induffionem
1585 3291 1681 3320 uoque
1703 3282 1759 3312 sive
1778 3252 2004 3311 <installationem
2026 3281 2130 3311 realem
2151 3282 2185 3312 ὃ(
2207 3291 2276 3311 cor-

1209 3325 1339 3363 poralem
1361 3322 1486 3361 ejusdem
1510 3320 1563 3357 Epi
1575 3330 1612 3350 co
1648 3319 1692 3350 tiis
1710 3318 1936 3362 Polseffionem,
1960 3327 2028 3351 cum
2049 3320 2101 3350 suis
2120 3319 2276 3358 Dignitati⁴

1211 3365 1264 3394 bus
1285 3361 1509 3393 Praeeminentiis
1531 3359 1689 3402 Priviegiis
1706 3357 1823 3395 Juribus
1851 3358 1885 3389 &
1909 3355 2138 3388 Immunitatibus
2161 3358 2275 3398 quibus-

1212 3411 1357 3439 cumque,
1376 3408 1471 3438 petere
1488 3400 1521 3430 &
1540 3399 1685 3434 obtinere,

1250 3440 1333 3471 Cum
1358 3441 1449 3476 itaque
1466 3436 1616 3474 praediatus
1642 3434 1829 3473 Episcopatus
1849 3433 1935 3465 fuerit
1958 3435 1992 3465 &
2015 3433 2047 3465 fit
2071 3435 2099 3464 in
2123 3433 2277 3472 praesenti‚'

1212 3489 1261 3518 per
1280 3478 1410 3508 Mortem
1434 3476 1584 3506 naturalem
1608 3475 1695 3504 bonae
1717 3473 1868 3503 memoriae
1885 3476 1998 3504 Domini
2025 3472 2169 3512 Johanm's
2189 3471 2275 3502 Salis-

1213 3519 1289 3556 berye
1306 3516 1402 3546 ultimi
1420 3513 1543 3552 ejusdem
1564 3511 1719 3550 Episcopi,
1737 3511 1874 3550 Episcopi
1893 3512 1927 3542 &
1954 3511 2077 3542 Pastoris
2094 3511 2192 3542 solatio
2213 3510 2276 3540 des-

1214 3557 1295 3587 tituta
1311 3577 1320 3592 ,
1345 3552 1521 3590 Nobisque‚
1547 3550 1719 3588 Supremam
1737 3551 1768 3579 in
1791 3549 1917 3580 Eccleha
1940 3550 2103 3587 Anglicana
2130 3548 2279 3585 Insulisque

1216 3594 1382 3625 Ditionibus
1405 3590 1437 3622 δε
1458 3589 1704 3628 Jurisdiffionibus
1728 3588 1824 3619 eidem
1847 3587 2278 3626 qualitercumque,pertinenti-

1216 3633 1270 3663 bus
1287 3633 1320 3662 ὃς
1342 3630 1534 3669 adjacentibus
1549 3650 1560 3666 ‚
1584 3636 1641 3658 tam
1664 3629 1693 3656 in
1718 3627 1819 3657 Rebus
1840 3626 2042 3657 Ecclesiasticis
2057 3626 2143 3665 quizm
2165 3623 2279 3654 Secula-

1217 3672 1296 3701 ribus
1313 3669 1516 3700 authoritatem
1540 3666 1719 3704 gerentibus,
1732 3664 1768 3695 de
1785 3664 2016 3696 confirmatione
2037 3667 2072 3696 &
2089 3662 2280 3694 Consecran-

1219 3711 1297 3740 tione
1320 3707 1456 3745 Episcopi
1472 3704 1631 3742 hujusmodi
1650 3704 1687 3734 sic
1712 3703 1865 3742 praesentati
1886 3704 1919 3734 &
1936 3703 2099 3740 nominati,
2117 3700 2186 3730 ficut
2208 3702 2244 3732 de
2260 3704 2277 3720 *

1219 3747 1327 3778 caeteris
1347 3746 1445 3783 Regni
1465 3743 1553 3774 nostri
1571 3742 1718 3782 Episcopis
1743 3741 1956 3779 impendenda,
1976 3739 2104 3771 Provifio
2129 3738 2219 3769 solum
2243 3741 2277 3771 &

1218 3788 1248 3817 in
1268 3785 1389 3816 solidum
1411 3784 1564 3821 pertineat,
1580 3780 1671 3812 dietus
1688 3782 1770 3819 igitur
1790 3776 2155 3817 Conangumeusmoster,
2173 3781 2279 3808 Henri-

1219 3835 1263 3856 cus
1282 3828 1371 3853 Comes
1391 3821 1521 3859 Derbiae,
1538 3819 1677 3851 dilectum
1703 3819 1753 3848 sibi
1776 3820 1806 3848 in
1827 3818 1963 3855 Christo,
1978 3814 2138 3853 Johannem
2159 3818 2279 3847 A1ericke

1219 3866 1249 3893 in
1263 3863 1380 3893 Artibus
1400 3859 1590 3898 Magistrum,
1607 3857 1641 3888 ad
1661 3857 1834 3894 praedietum
1852 3855 2050 3896 Episcopatum
2065 3854 2101 3884 de
2126 3854 2199 3885 Man
2214 3866 2281 3886 mo..

1219 3902 1259 3932 do
1281 3899 1427 3939 praemiffo
1444 3907 1612 3935 vacantem,
1631 3896 1749 3934 Nobis,
1769 3905 1817 3933 per
1836 3895 1943 3936 Literas
1965 3896 2021 3922 luas
2037 3893 2087 3924 sub
2108 3892 2210 3931 Sigillo
2229 3894 2279 3925 suo

1220 3940 1305 3970 fastas
1319 3939 1353 3969 &
1375 3937 1519 3974 sigillatas,
1538 3936 1744 3973 praesentaverit
1757 3956 1768 3970 ‚
1783 3930 1926 3974 humiliter
1948 3931 2102 3969 supplicans
2118 3934 2151 3963 ὅτ.
2178 3941 2281 3971 rogans

1220 3987 1354 4017 quatenus
1386 3975 1640 4009 Praesentationem
1666 3973 1756 4010 suam,
1771 3968 1939 4009 praedictam
1973 3972 2007 4003 &
2035 3969 2281 4003 Nominationem

2217 4017 2279 4047 gra-

2299 3705 2316 3721 ¹²
2343 3706 2412 3734 XV.

2337 3752 2403 3778 754·
