<?xml version="1.0" encoding="UTF-8"?>
<!DOCTYPE html PUBLIC "-//W3C//DTD XHTML 1.0 Transitional//EN"
    "http://www.w3.org/TR/xhtml1/DTD/xhtml1-transitional.dtd">
<html xmlns="http://www.w3.org/1999/xhtml" xml:lang="en" lang="en">
 <head>
  <title>
</title>
<meta http-equiv="Content-Type" content="text/html;charset=utf-8" />
  <meta name='ocr-system' content='tesseract 3.04.00' />
  <meta name='ocr-capabilities' content='ocr_page ocr_carea ocr_par ocr_line ocrx_word'/>
</head>
<body>
  <div class='ocr_page' id='page_1' title='image "./fderaconventione06ryme/fderaconventione06ryme_0232.png"; bbox 0 0 2542 4274; ppageno 0'>
   <div class='ocr_carea' id='block_1_1' title="bbox 35 214 163 404">
    <p class='ocr_par' dir='ltr' id='par_1_1' title="bbox 36 214 163 291">
     <span class='ocr_line' id='line_1_1' title="bbox 36 214 163 247; baseline -0.016 -2"><span class='ocrx_word' id='word_1_1' title='bbox 36 214 163 247; x_wconf 56' lang='lat' dir='ltr'>vJ&#39;xizer.</span> 
     </span>
     <span class='ocr_line' id='line_1_2' title="bbox 63 263 149 291; baseline -0.012 -8"><span class='ocrx_word' id='word_1_2' title='bbox 63 263 149 291; x_wconf 81' lang='lat'>¹522·</span> 
     </span>
    </p>

    <p class='ocr_par' dir='ltr' id='par_1_2' title="bbox 35 294 139 320">
     <span class='ocr_line' id='line_1_3' title="bbox 35 294 139 320; baseline 0 0"><span class='ocrx_word' id='word_1_3' title='bbox 35 297 88 320; x_wconf 75' lang='lat' dir='ltr'>Heu</span> <span class='ocrx_word' id='word_1_4' title='bbox 115 294 139 320; x_wconf 84' lang='lat'>8.</span> 
     </span>
    </p>

    <p class='ocr_par' dir='ltr' id='par_1_3' title="bbox 36 331 150 404">
     <span class='ocr_line' id='line_1_4' title="bbox 36 331 150 358; baseline 0.009 -1"><span class='ocrx_word' id='word_1_5' title='bbox 36 331 51 346; x_wconf 67' lang='lat'>⁴</span> <span class='ocrx_word' id='word_1_6' title='bbox 68 333 150 358; x_wconf 81' lang='lat' dir='ltr'><strong>XIII.</strong></span> 
     </span>
     <span class='ocr_line' id='line_1_5' title="bbox 60 371 126 404; baseline 0.045 -9"><span class='ocrx_word' id='word_1_7' title='bbox 60 371 126 404; x_wconf 77' lang='lat'>567.</span> 
     </span>
    </p>
   </div>
   <div class='ocr_carea' id='block_1_2' title="bbox 186 119 267 158">
    <p class='ocr_par' dir='ltr' id='par_1_4' title="bbox 186 119 267 158">
     <span class='ocr_line' id='line_1_6' title="bbox 186 119 267 158; baseline -0.012 -11"><span class='ocrx_word' id='word_1_8' title='bbox 186 119 267 158; x_wconf 77' lang='lat'>204</span> 
     </span>
    </p>
   </div>
   <div class='ocr_carea' id='block_1_3' title="bbox 179 187 1258 1497">
    <p class='ocr_par' dir='ltr' id='par_1_5' title="bbox 179 187 1253 305">
     <span class='ocr_line' id='line_1_7' title="bbox 179 187 1249 230; baseline -0.003 -9"><span class='ocrx_word' id='word_1_9' title='bbox 179 189 405 230; x_wconf 75' lang='lat' dir='ltr'>justiciariorum</span> <span class='ocrx_word' id='word_1_10' title='bbox 425 187 590 220; x_wconf 84' lang='lat' dir='ltr'>nostrorum</span> <span class='ocrx_word' id='word_1_11' title='bbox 610 187 647 219; x_wconf 90' lang='lat' dir='ltr'>de</span> <span class='ocrx_word' id='word_1_12' title='bbox 665 199 725 220; x_wconf 90' lang='lat' dir='ltr'>uno</span> <span class='ocrx_word' id='word_1_13' title='bbox 747 189 781 220; x_wconf 65' lang='grc' dir='ltr'>ὃς</span> <span class='ocrx_word' id='word_1_14' title='bbox 804 187 840 219; x_wconf 93' lang='lat' dir='ltr'>de</span> <span class='ocrx_word' id='word_1_15' title='bbox 863 189 949 220; x_wconf 86' lang='lat' dir='ltr'>altero</span> <span class='ocrx_word' id='word_1_16' title='bbox 964 190 979 205; x_wconf 66' lang='lat'>²*</span> <span class='ocrx_word' id='word_1_17' title='bbox 996 187 1113 227; x_wconf 84' lang='lat' dir='ltr'>Banco,</span> <span class='ocrx_word' id='word_1_18' title='bbox 1132 198 1249 219; x_wconf 87' lang='lat' dir='ltr'>necnon</span> 
     </span>
     <span class='ocr_line' id='line_1_8' title="bbox 186 225 1253 265; baseline -0.005 -4"><span class='ocrx_word' id='word_1_19' title='bbox 186 230 328 261; x_wconf 87' lang='lat' dir='ltr'>Baronum</span> <span class='ocrx_word' id='word_1_20' title='bbox 347 227 383 257; x_wconf 90' lang='lat' dir='ltr'>de</span> <span class='ocrx_word' id='word_1_21' title='bbox 399 227 550 258; x_wconf 85' lang='lat' dir='ltr'>Scaccario</span> <span class='ocrx_word' id='word_1_22' title='bbox 565 226 663 258; x_wconf 87' lang='lat' dir='ltr'>nostro</span> <span class='ocrx_word' id='word_1_23' title='bbox 673 249 684 265; x_wconf 91' lang='lat'>,</span> <span class='ocrx_word' id='word_1_24' title='bbox 697 229 730 259; x_wconf 93' lang='lat'>&amp;</span> <span class='ocrx_word' id='word_1_25' title='bbox 749 226 884 265; x_wconf 86' lang='lat' dir='ltr'>Magistri</span> <span class='ocrx_word' id='word_1_26' title='bbox 900 226 956 257; x_wconf 84' lang='lat' dir='ltr'>five</span> <span class='ocrx_word' id='word_1_27' title='bbox 973 225 1109 257; x_wconf 85' lang='lat' dir='ltr'>Custodis</span> <span class='ocrx_word' id='word_1_28' title='bbox 1126 226 1253 258; x_wconf 88' lang='lat' dir='ltr'>Rotulo-</span> 
     </span>
     <span class='ocr_line' id='line_1_9' title="bbox 186 264 1199 305; baseline -0.004 -6"><span class='ocrx_word' id='word_1_29' title='bbox 186 278 250 299; x_wconf 88' lang='lat' dir='ltr'>rum</span> <span class='ocrx_word' id='word_1_30' title='bbox 265 266 432 297; x_wconf 88' lang='lat' dir='ltr'>nostrorum</span> <span class='ocrx_word' id='word_1_31' title='bbox 453 265 574 305; x_wconf 77' lang='lat' dir='ltr'>ejusdem</span> <span class='ocrx_word' id='word_1_32' title='bbox 590 265 692 296; x_wconf 86' lang='lat' dir='ltr'>Terrae</span> <span class='ocrx_word' id='word_1_33' title='bbox 704 265 808 296; x_wconf 88' lang='lat' dir='ltr'>nostrae</span> <span class='ocrx_word' id='word_1_34' title='bbox 827 265 1030 296; x_wconf 88' lang='lat' dir='ltr'>tantummodo</span> <span class='ocrx_word' id='word_1_35' title='bbox 1047 264 1199 303; x_wconf 84' lang='lat' dir='ltr'>Exceptis,</span> 
     </span>
    </p>

    <p class='ocr_par' dir='ltr' id='par_1_6' title="bbox 188 301 1256 452">
     <span class='ocr_line' id='line_1_10' title="bbox 227 301 1254 346; baseline -0.002 -11"><span class='ocrx_word' id='word_1_36' title='bbox 227 306 272 341; x_wconf 68' lang='lat' dir='ltr'>Ac</span> <span class='ocrx_word' id='word_1_37' title='bbox 289 306 374 335; x_wconf 83' lang='lat' dir='ltr'>etiam</span> <span class='ocrx_word' id='word_1_38' title='bbox 389 304 605 344; x_wconf 67' lang='lat' dir='ltr'>Revendones,</span> <span class='ocrx_word' id='word_1_39' title='bbox 618 303 790 342; x_wconf 81' lang='lat' dir='ltr'>Custumas,</span> <span class='ocrx_word' id='word_1_40' title='bbox 805 303 958 340; x_wconf 85' lang='lat' dir='ltr'>Cokettas,</span> <span class='ocrx_word' id='word_1_41' title='bbox 974 301 1139 346; x_wconf 82' lang='lat' dir='ltr'>Pondagia‚</span> <span class='ocrx_word' id='word_1_42' title='bbox 1149 303 1254 340; x_wconf 84' lang='lat' dir='ltr'>Feoda,</span> 
     </span>
     <span class='ocr_line' id='line_1_11' title="bbox 189 341 1255 385; baseline -0.004 -11"><span class='ocrx_word' id='word_1_43' title='bbox 189 345 296 375; x_wconf 80' lang='lat' dir='ltr'>Firmas</span> <span class='ocrx_word' id='word_1_44' title='bbox 315 344 347 374; x_wconf 68' lang='grc' dir='ltr'>ὃς</span> <span class='ocrx_word' id='word_1_45' title='bbox 366 344 418 374; x_wconf 87' lang='lat' dir='ltr'>alia</span> <span class='ocrx_word' id='word_1_46' title='bbox 446 342 576 374; x_wconf 79' lang='lat' dir='ltr'>Proficua</span> <span class='ocrx_word' id='word_1_47' title='bbox 597 352 787 382; x_wconf 79' lang='lat' dir='ltr'>quaecumque</span> <span class='ocrx_word' id='word_1_48' title='bbox 806 341 916 373; x_wconf 86' lang='lat' dir='ltr'>ibidem</span> <span class='ocrx_word' id='word_1_49' title='bbox 938 341 1022 371; x_wconf 78' lang='lat' dir='ltr'>nobis</span> <span class='ocrx_word' id='word_1_50' title='bbox 1037 343 1206 385; x_wconf 79' lang='lat' dir='ltr'>pertinentia</span> <span class='ocrx_word' id='word_1_51' title='bbox 1221 341 1255 370; x_wconf 87' lang='lat' dir='ltr'>si-</span> 
     </span>
     <span class='ocr_line' id='line_1_12' title="bbox 188 379 1256 452; baseline -0.003 -40"><span class='ocrx_word' id='word_1_52' title='bbox 188 382 389 452; x_wconf 49' lang='grc' dir='ltr'>ἕῗῑΐρεᾶειέἰτίε</span> <span class='ocrx_word' id='word_1_53' title='bbox 408 381 562 422; x_wconf 85' lang='lat' dir='ltr'>recipiendi</span> <span class='ocrx_word' id='word_1_54' title='bbox 581 406 591 420; x_wconf 88' lang='lat'>,</span> <span class='ocrx_word' id='word_1_55' title='bbox 624 392 712 420; x_wconf 87' lang='lat' dir='ltr'>eaque</span> <span class='ocrx_word' id='word_1_56' title='bbox 733 381 767 412; x_wconf 90' lang='lat' dir='ltr'>ad</span> <span class='ocrx_word' id='word_1_57' title='bbox 789 380 936 411; x_wconf 85' lang='lat' dir='ltr'>Placitum</span> <span class='ocrx_word' id='word_1_58' title='bbox 951 379 1030 409; x_wconf 88' lang='lat' dir='ltr'>suum</span> <span class='ocrx_word' id='word_1_59' title='bbox 1047 379 1256 417; x_wconf 83' lang='lat' dir='ltr'>assignandi&amp;</span> 
     </span>
    </p>

    <p class='ocr_par' dir='ltr' id='par_1_7' title="bbox 189 431 1258 882">
     <span class='ocr_line' id='line_1_13' title="bbox 250 431 325 451; baseline 0 -1"><span class='ocrx_word' id='word_1_60' title='bbox 250 431 325 451; x_wconf 88' lang='lat' dir='ltr'>onen</span> 
     </span>
     <span class='ocr_line' id='line_1_14' title="bbox 260 444 1256 498; baseline -0.006 -8"><span class='ocrx_word' id='word_1_61' title='bbox 260 444 388 497; x_wconf 72' lang='lat' dir='ltr'>antesqiie</span> <span class='ocrx_word' id='word_1_62' title='bbox 408 458 518 497; x_wconf 85' lang='lat' dir='ltr'>insuper</span> <span class='ocrx_word' id='word_1_63' title='bbox 537 459 621 489; x_wconf 80' lang='lat' dir='ltr'>eidem</span> <span class='ocrx_word' id='word_1_64' title='bbox 638 461 776 496; x_wconf 81' lang='lat' dir='ltr'>Deputato</span> <span class='ocrx_word' id='word_1_65' title='bbox 792 455 906 493; x_wconf 88' lang='lat' dir='ltr'>nostro,</span> <span class='ocrx_word' id='word_1_66' title='bbox 920 455 1037 486; x_wconf 87' lang='lat' dir='ltr'>Tenore</span> <span class='ocrx_word' id='word_1_67' title='bbox 1052 454 1256 498; x_wconf 78' lang='lat' dir='ltr'>Praesentium,</span> 
     </span>
     <span class='ocr_line' id='line_1_15' title="bbox 189 491 1256 535; baseline -0.006 -7"><span class='ocrx_word' id='word_1_68' title='bbox 189 497 304 535; x_wconf 77' lang='lat' dir='ltr'>plenam</span> <span class='ocrx_word' id='word_1_69' title='bbox 324 496 496 529; x_wconf 74' lang='lat' dir='ltr'>Potestatem</span> <span class='ocrx_word' id='word_1_70' title='bbox 511 499 544 529; x_wconf 87' lang='lat'>&amp;</span> <span class='ocrx_word' id='word_1_71' title='bbox 561 497 771 528; x_wconf 61' lang='lat' dir='ltr'>Auctoritatem</span> <span class='ocrx_word' id='word_1_72' title='bbox 794 493 977 525; x_wconf 88' lang='lat' dir='ltr'>omnimodas</span> <span class='ocrx_word' id='word_1_73' title='bbox 993 493 1173 525; x_wconf 87' lang='lat' dir='ltr'>Proditiones</span> <span class='ocrx_word' id='word_1_74' title='bbox 1187 491 1256 523; x_wconf 79' lang='lat' dir='ltr'>Cri-</span> 
     </span>
     <span class='ocr_line' id='line_1_16' title="bbox 191 532 1256 576; baseline -0.006 -9"><span class='ocrx_word' id='word_1_75' title='bbox 191 547 316 575; x_wconf 87' lang='lat' dir='ltr'>menque</span> <span class='ocrx_word' id='word_1_76' title='bbox 329 535 419 576; x_wconf 76' lang='lat' dir='ltr'><em>Laesae</em></span> <span class='ocrx_word' id='word_1_77' title='bbox 432 535 593 574; x_wconf 77' lang='lat' dir='ltr'>Majestatis</span> <span class='ocrx_word' id='word_1_78' title='bbox 606 534 761 565; x_wconf 80' lang='lat' dir='ltr'>Personam</span> <span class='ocrx_word' id='word_1_79' title='bbox 777 532 902 563; x_wconf 83' lang='lat' dir='ltr'>nostram</span> <span class='ocrx_word' id='word_1_80' title='bbox 917 542 978 562; x_wconf 90' lang='lat' dir='ltr'>non</span> <span class='ocrx_word' id='word_1_81' title='bbox 993 540 1112 570; x_wconf 86' lang='lat' dir='ltr'>tangens</span> <span class='ocrx_word' id='word_1_82' title='bbox 1122 555 1131 570; x_wconf 96' lang='lat'>,</span> <span class='ocrx_word' id='word_1_83' title='bbox 1140 541 1256 562; x_wconf 89' lang='lat' dir='ltr'>necnon</span> 
     </span>
     <span class='ocr_line' id='line_1_17' title="bbox 190 569 1257 612; baseline -0.006 -7"><span class='ocrx_word' id='word_1_84' title='bbox 190 574 336 612; x_wconf 78' lang='lat' dir='ltr'>Felonias,</span> <span class='ocrx_word' id='word_1_85' title='bbox 355 574 488 612; x_wconf 82' lang='lat' dir='ltr'>Murdra,</span> <span class='ocrx_word' id='word_1_86' title='bbox 504 575 614 611; x_wconf 82' lang='lat' dir='ltr'>Raptus</span> <span class='ocrx_word' id='word_1_87' title='bbox 631 572 787 602; x_wconf 78' lang='lat' dir='ltr'>Mulierum</span> <span class='ocrx_word' id='word_1_88' title='bbox 797 594 806 609; x_wconf 86' lang='lat'>‚</span> <span class='ocrx_word' id='word_1_89' title='bbox 822 570 857 601; x_wconf 90' lang='lat' dir='ltr'>de</span> <span class='ocrx_word' id='word_1_90' title='bbox 872 570 1044 601; x_wconf 87' lang='lat' dir='ltr'>avisamento</span> <span class='ocrx_word' id='word_1_91' title='bbox 1059 569 1187 610; x_wconf 85' lang='lat' dir='ltr'>Concilii</span> <span class='ocrx_word' id='word_1_92' title='bbox 1202 579 1257 599; x_wconf 89' lang='lat' dir='ltr'>no-</span> 
     </span>
     <span class='ocr_line' id='line_1_18' title="bbox 190 606 1255 651; baseline -0.006 -7"><span class='ocrx_word' id='word_1_93' title='bbox 190 614 257 651; x_wconf 78' lang='lat' dir='ltr'>stri,</span> <span class='ocrx_word' id='word_1_94' title='bbox 269 614 361 644; x_wconf 87' lang='lat' dir='ltr'>debita</span> <span class='ocrx_word' id='word_1_95' title='bbox 378 613 524 650; x_wconf 85' lang='lat' dir='ltr'>Compota</span> <span class='ocrx_word' id='word_1_96' title='bbox 541 612 754 642; x_wconf 84' lang='lat' dir='ltr'>Reventionurn</span> <span class='ocrx_word' id='word_1_97' title='bbox 769 609 928 640; x_wconf 90' lang='lat' dir='ltr'>nostrarum</span> <span class='ocrx_word' id='word_1_98' title='bbox 942 609 1052 639; x_wconf 89' lang='lat' dir='ltr'>ibidem</span> <span class='ocrx_word' id='word_1_99' title='bbox 1069 620 1086 640; x_wconf 88' lang='lat' dir='ltr'>a</span> <span class='ocrx_word' id='word_1_100' title='bbox 1098 608 1161 640; x_wconf 85' lang='lat' dir='ltr'>data</span> <span class='ocrx_word' id='word_1_101' title='bbox 1177 606 1255 639; x_wconf 76' lang='lat' dir='ltr'>Prae-</span> 
     </span>
     <span class='ocr_line' id='line_1_19' title="bbox 190 646 1256 690; baseline -0.005 -8"><span class='ocrx_word' id='word_1_102' title='bbox 190 653 315 683; x_wconf 76' lang='lat' dir='ltr'>sentium</span> <span class='ocrx_word' id='word_1_103' title='bbox 330 653 505 689; x_wconf 84' lang='lat' dir='ltr'>emergentia</span> <span class='ocrx_word' id='word_1_104' title='bbox 519 661 552 681; x_wconf 83' lang='lat' dir='ltr'>ac</span> <span class='ocrx_word' id='word_1_105' title='bbox 567 651 633 680; x_wconf 68' lang='lat' dir='ltr'>alias</span> <span class='ocrx_word' id='word_1_106' title='bbox 645 671 654 686; x_wconf 84' lang='lat'>‚</span> <span class='ocrx_word' id='word_1_107' title='bbox 676 649 708 679; x_wconf 72' lang='grc' dir='ltr'>ὃ(</span> <span class='ocrx_word' id='word_1_108' title='bbox 733 646 865 678; x_wconf 84' lang='lat' dir='ltr'>Offensas</span> <span class='ocrx_word' id='word_1_109' title='bbox 881 647 1070 690; x_wconf 82' lang='lat' dir='ltr'>quascumque</span> <span class='ocrx_word' id='word_1_110' title='bbox 1085 657 1133 687; x_wconf 92' lang='lat' dir='ltr'>per</span> <span class='ocrx_word' id='word_1_111' title='bbox 1150 646 1256 677; x_wconf 87' lang='lat' dir='ltr'>Subdi-</span> 
     </span>
     <span class='ocr_line' id='line_1_20' title="bbox 191 685 1256 730; baseline -0.004 -10"><span class='ocrx_word' id='word_1_112' title='bbox 191 700 236 720; x_wconf 84' lang='lat' dir='ltr'>tos</span> <span class='ocrx_word' id='word_1_113' title='bbox 254 689 379 730; x_wconf 82' lang='lat' dir='ltr'>ejusdem</span> <span class='ocrx_word' id='word_1_114' title='bbox 395 690 494 720; x_wconf 81' lang='lat' dir='ltr'>Tertae</span> <span class='ocrx_word' id='word_1_115' title='bbox 510 688 614 719; x_wconf 77' lang='lat' dir='ltr'>nostrae</span> <span class='ocrx_word' id='word_1_116' title='bbox 634 686 788 717; x_wconf 84' lang='lat' dir='ltr'>commiffa</span> <span class='ocrx_word' id='word_1_117' title='bbox 804 686 1019 723; x_wconf 83' lang='lat' dir='ltr'>(Fabricatione</span> <span class='ocrx_word' id='word_1_118' title='bbox 1034 686 1107 716; x_wconf 81' lang='lat' dir='ltr'>ialsae</span> <span class='ocrx_word' id='word_1_119' title='bbox 1122 685 1256 717; x_wconf 83' lang='lat' dir='ltr'>Monetae</span> 
     </span>
     <span class='ocr_line' id='line_1_21' title="bbox 191 724 1258 768; baseline -0.006 -8"><span class='ocrx_word' id='word_1_120' title='bbox 191 729 328 768; x_wconf 75' lang='lat' dir='ltr'>excepta)</span> <span class='ocrx_word' id='word_1_121' title='bbox 351 727 540 767; x_wconf 81' lang='lat' dir='ltr'>pardonandi,</span> <span class='ocrx_word' id='word_1_122' title='bbox 553 725 703 762; x_wconf 84' lang='lat' dir='ltr'>abolendi,</span> <span class='ocrx_word' id='word_1_123' title='bbox 718 724 895 763; x_wconf 84' lang='lat' dir='ltr'>remittendi,</span> <span class='ocrx_word' id='word_1_124' title='bbox 909 725 942 755; x_wconf 88' lang='lat'>&amp;</span> <span class='ocrx_word' id='word_1_125' title='bbox 956 724 1114 763; x_wconf 84' lang='lat' dir='ltr'>relaxandi,</span> <span class='ocrx_word' id='word_1_126' title='bbox 1136 724 1258 755; x_wconf 86' lang='lat' dir='ltr'>Literas-</span> 
     </span>
     <span class='ocr_line' id='line_1_22' title="bbox 213 762 1256 804; baseline -0.006 -6"><span class='ocrx_word' id='word_1_127' title='bbox 213 779 245 798; x_wconf 89' lang='lat' dir='ltr'>ue</span> <span class='ocrx_word' id='word_1_128' title='bbox 262 767 368 798; x_wconf 87' lang='lat' dir='ltr'>nostras</span> <span class='ocrx_word' id='word_1_129' title='bbox 392 767 520 797; x_wconf 85' lang='lat' dir='ltr'>Patentes</span> <span class='ocrx_word' id='word_1_130' title='bbox 541 763 685 803; x_wconf 84' lang='lat' dir='ltr'>superinde</span> <span class='ocrx_word' id='word_1_131' title='bbox 701 764 876 804; x_wconf 89' lang='lat' dir='ltr'>cuicumque</span> <span class='ocrx_word' id='word_1_132' title='bbox 892 762 1023 793; x_wconf 88' lang='lat' dir='ltr'>Personae</span> <span class='ocrx_word' id='word_1_133' title='bbox 1038 763 1138 793; x_wconf 76' lang='lat' dir='ltr'>Terrae</span> <span class='ocrx_word' id='word_1_134' title='bbox 1152 762 1256 801; x_wconf 86' lang='lat' dir='ltr'>praedi-</span> 
     </span>
     <span class='ocr_line' id='line_1_23' title="bbox 212 801 1258 846; baseline -0.004 -10"><span class='ocrx_word' id='word_1_135' title='bbox 212 809 265 846; x_wconf 66' lang='lat' dir='ltr'>tae,</span> <span class='ocrx_word' id='word_1_136' title='bbox 281 816 326 836; x_wconf 80' lang='lat' dir='ltr'>eas</span> <span class='ocrx_word' id='word_1_137' title='bbox 340 806 441 835; x_wconf 88' lang='lat' dir='ltr'>habere</span> <span class='ocrx_word' id='word_1_138' title='bbox 457 804 565 835; x_wconf 83' lang='lat' dir='ltr'>volenti</span> <span class='ocrx_word' id='word_1_139' title='bbox 583 804 617 834; x_wconf 61' lang='grc' dir='ltr'>ὃς</span> <span class='ocrx_word' id='word_1_140' title='bbox 632 802 814 840; x_wconf 73' lang='lat' dir='ltr'>desideranti,</span> <span class='ocrx_word' id='word_1_141' title='bbox 834 802 954 833; x_wconf 89' lang='lat' dir='ltr'>nomine</span> <span class='ocrx_word' id='word_1_142' title='bbox 975 801 1073 832; x_wconf 89' lang='lat' dir='ltr'>nostro</span> <span class='ocrx_word' id='word_1_143' title='bbox 1090 801 1258 832; x_wconf 87' lang='lat' dir='ltr'>conceden-</span> 
     </span>
     <span class='ocr_line' id='line_1_24' title="bbox 190 839 1163 882; baseline -0.005 -7"><span class='ocrx_word' id='word_1_144' title='bbox 190 845 237 882; x_wconf 86' lang='lat' dir='ltr'>di,</span> <span class='ocrx_word' id='word_1_145' title='bbox 252 843 468 882; x_wconf 83' lang='lat' dir='ltr'>componendi,</span> <span class='ocrx_word' id='word_1_146' title='bbox 486 841 594 880; x_wconf 82' lang='lat' dir='ltr'>sigillari</span> <span class='ocrx_word' id='word_1_147' title='bbox 609 840 780 878; x_wconf 85' lang='lat' dir='ltr'>mandandi,</span> <span class='ocrx_word' id='word_1_148' title='bbox 796 840 942 878; x_wconf 81' lang='lat' dir='ltr'>tradendi,</span> <span class='ocrx_word' id='word_1_149' title='bbox 958 840 991 870; x_wconf 89' lang='lat'>&amp;</span> <span class='ocrx_word' id='word_1_150' title='bbox 1006 839 1163 871; x_wconf 78' lang='lat' dir='ltr'>relaxandi:</span> 
     </span>
    </p>

    <p class='ocr_par' dir='ltr' id='par_1_8' title="bbox 185 878 1256 1145">
     <span class='ocr_line' id='line_1_25' title="bbox 231 878 1254 918; baseline -0.005 -5"><span class='ocrx_word' id='word_1_151' title='bbox 231 884 341 914; x_wconf 82' lang='lat' dir='ltr'>Damus</span> <span class='ocrx_word' id='word_1_152' title='bbox 357 882 450 912; x_wconf 85' lang='lat' dir='ltr'>eidem</span> <span class='ocrx_word' id='word_1_153' title='bbox 476 884 614 918; x_wconf 85' lang='lat' dir='ltr'>Deputato</span> <span class='ocrx_word' id='word_1_154' title='bbox 634 880 667 910; x_wconf 73' lang='grc' dir='ltr'>δε</span> <span class='ocrx_word' id='word_1_155' title='bbox 687 879 873 910; x_wconf 87' lang='lat' dir='ltr'>concedimus</span> <span class='ocrx_word' id='word_1_156' title='bbox 895 878 1069 909; x_wconf 84' lang='lat' dir='ltr'>Potestatem</span> <span class='ocrx_word' id='word_1_157' title='bbox 1099 879 1198 909; x_wconf 87' lang='lat' dir='ltr'>omnia</span> <span class='ocrx_word' id='word_1_158' title='bbox 1220 879 1254 909; x_wconf 73' lang='grc' dir='ltr'>ὃ(</span> 
     </span>
     <span class='ocr_line' id='line_1_26' title="bbox 191 916 1254 959; baseline -0.004 -8"><span class='ocrx_word' id='word_1_159' title='bbox 191 921 313 959; x_wconf 74' lang='lat' dir='ltr'>singula,</span> <span class='ocrx_word' id='word_1_160' title='bbox 331 931 395 959; x_wconf 64' lang='lat' dir='ltr'>quie</span> <span class='ocrx_word' id='word_1_161' title='bbox 417 920 451 950; x_wconf 92' lang='lat' dir='ltr'>ad</span> <span class='ocrx_word' id='word_1_162' title='bbox 467 919 612 950; x_wconf 88' lang='lat' dir='ltr'>Officium</span> <span class='ocrx_word' id='word_1_163' title='bbox 626 921 669 947; x_wconf 80' lang='lat' dir='ltr'>De</span> <span class='ocrx_word' id='word_1_164' title='bbox 686 921 759 947; x_wconf 77' lang='lat' dir='ltr'>atati</span> <span class='ocrx_word' id='word_1_165' title='bbox 772 916 855 957; x_wconf 83' lang='lat' dir='ltr'>nostri</span> <span class='ocrx_word' id='word_1_166' title='bbox 869 918 970 948; x_wconf 80' lang='lat' dir='ltr'>Terrae</span> <span class='ocrx_word' id='word_1_167' title='bbox 986 917 1089 947; x_wconf 89' lang='lat' dir='ltr'>nostrae</span> <span class='ocrx_word' id='word_1_168' title='bbox 1108 916 1254 957; x_wconf 63' lang='lat' dir='ltr'>praedicstae</span> 
     </span>
     <span class='ocr_line' id='line_1_27' title="bbox 191 955 1255 997; baseline -0.003 -8"><span class='ocrx_word' id='word_1_169' title='bbox 191 961 352 997; x_wconf 73' lang='lat' dir='ltr'>pertinent,</span> <span class='ocrx_word' id='word_1_170' title='bbox 376 958 658 995; x_wconf 79' lang='lat' dir='ltr'>faciendi,excercen</span> <span class='ocrx_word' id='word_1_171' title='bbox 681 957 688 986; x_wconf 95' lang='lat' dir='ltr'>i</span> <span class='ocrx_word' id='word_1_172' title='bbox 703 957 736 987; x_wconf 83' lang='lat'>&amp;</span> <span class='ocrx_word' id='word_1_173' title='bbox 752 955 962 994; x_wconf 83' lang='lat' dir='ltr'>exequendi,in</span> <span class='ocrx_word' id='word_1_174' title='bbox 979 956 1036 985; x_wconf 74' lang='lat' dir='ltr'>tam</span> <span class='ocrx_word' id='word_1_175' title='bbox 1052 955 1150 993; x_wconf 84' lang='lat' dir='ltr'>amplis</span> <span class='ocrx_word' id='word_1_176' title='bbox 1166 955 1255 988; x_wconf 89' lang='lat' dir='ltr'>modo</span> 
     </span>
     <span class='ocr_line' id='line_1_28' title="bbox 191 993 1254 1035; baseline -0.005 -6"><span class='ocrx_word' id='word_1_177' title='bbox 191 999 225 1029; x_wconf 89' lang='lat'>&amp;</span> <span class='ocrx_word' id='word_1_178' title='bbox 244 997 354 1035; x_wconf 66' lang='lat' dir='ltr'>forma,</span> <span class='ocrx_word' id='word_1_179' title='bbox 367 1006 450 1035; x_wconf 85' lang='lat' dir='ltr'>prout</span> <span class='ocrx_word' id='word_1_180' title='bbox 462 996 596 1026; x_wconf 83' lang='lat' dir='ltr'>Geraldus</span> <span class='ocrx_word' id='word_1_181' title='bbox 611 999 700 1024; x_wconf 80' lang='lat' dir='ltr'>Comes</span> <span class='ocrx_word' id='word_1_182' title='bbox 723 994 841 1024; x_wconf 85' lang='lat' dir='ltr'>Kildare</span> <span class='ocrx_word' id='word_1_183' title='bbox 868 993 1013 1024; x_wconf 88' lang='lat' dir='ltr'>Officium</span> <span class='ocrx_word' id='word_1_184' title='bbox 1038 993 1176 1034; x_wconf 87' lang='lat' dir='ltr'>Deputati</span> <span class='ocrx_word' id='word_1_185' title='bbox 1192 994 1254 1024; x_wconf 91' lang='lat' dir='ltr'>Lo-</span> 
     </span>
     <span class='ocr_line' id='line_1_29' title="bbox 189 1033 1254 1073; baseline -0.004 -6"><span class='ocrx_word' id='word_1_186' title='bbox 189 1037 379 1067; x_wconf 83' lang='lat' dir='ltr'>cumtenentis</span> <span class='ocrx_word' id='word_1_187' title='bbox 397 1036 498 1066; x_wconf 83' lang='lat' dir='ltr'>Terrae</span> <span class='ocrx_word' id='word_1_188' title='bbox 522 1034 624 1065; x_wconf 83' lang='lat' dir='ltr'>nostrae</span> <span class='ocrx_word' id='word_1_189' title='bbox 641 1033 785 1073; x_wconf 70' lang='lat' dir='ltr'>praedicstae</span> <span class='ocrx_word' id='word_1_190' title='bbox 807 1041 872 1063; x_wconf 84' lang='lat' dir='ltr'>ante</span> <span class='ocrx_word' id='word_1_191' title='bbox 890 1034 954 1064; x_wconf 82' lang='lat' dir='ltr'>haec</span> <span class='ocrx_word' id='word_1_192' title='bbox 975 1040 1105 1070; x_wconf 86' lang='lat' dir='ltr'>tempora</span> <span class='ocrx_word' id='word_1_193' title='bbox 1126 1043 1254 1072; x_wconf 88' lang='lat' dir='ltr'>unquam</span> 
     </span>
     <span class='ocr_line' id='line_1_30' title="bbox 186 1070 1256 1144; baseline -0.003 -39"><span class='ocrx_word' id='word_1_194' title='bbox 186 1076 286 1144; x_wconf 56' lang='lat' dir='ltr'>habgit</span> <span class='ocrx_word' id='word_1_195' title='bbox 312 1076 345 1106; x_wconf 75' lang='grc' dir='ltr'>δε</span> <span class='ocrx_word' id='word_1_196' title='bbox 373 1075 551 1112; x_wconf 84' lang='lat' dir='ltr'>occupavit,</span> <span class='ocrx_word' id='word_1_197' title='bbox 571 1072 676 1111; x_wconf 82' lang='lat' dir='ltr'>absque</span> <span class='ocrx_word' id='word_1_198' title='bbox 701 1072 795 1112; x_wconf 87' lang='lat' dir='ltr'>aliquo</span> <span class='ocrx_word' id='word_1_199' title='bbox 819 1071 972 1110; x_wconf 80' lang='lat' dir='ltr'>Compoto</span> <span class='ocrx_word' id='word_1_200' title='bbox 986 1071 1052 1102; x_wconf 82' lang='lat' dir='ltr'>inde</span> <span class='ocrx_word' id='word_1_201' title='bbox 1071 1070 1171 1102; x_wconf 86' lang='lat' dir='ltr'>Nobis</span> <span class='ocrx_word' id='word_1_202' title='bbox 1190 1071 1256 1103; x_wconf 86' lang='lat' dir='ltr'>red-</span> 
     </span>
     <span class='ocr_line' id='line_1_31' title="bbox 185 1115 296 1145; baseline -0.027 0"><span class='ocrx_word' id='word_1_203' title='bbox 185 1115 241 1145; x_wconf 88' lang='lat' dir='ltr'>den</span> <span class='ocrx_word' id='word_1_204' title='bbox 263 1123 296 1144; x_wconf 90' lang='lat' dir='ltr'>o:</span> 
     </span>
    </p>

    <p class='ocr_par' dir='ltr' id='par_1_9' title="bbox 187 1146 1255 1414">
     <span class='ocr_line' id='line_1_32' title="bbox 228 1146 1255 1189; baseline -0.002 -7"><span class='ocrx_word' id='word_1_205' title='bbox 228 1152 339 1182; x_wconf 82' lang='lat' dir='ltr'>Damus</span> <span class='ocrx_word' id='word_1_206' title='bbox 358 1152 445 1189; x_wconf 87' lang='lat' dir='ltr'>igitur</span> <span class='ocrx_word' id='word_1_207' title='bbox 462 1150 595 1181; x_wconf 76' lang='lat' dir='ltr'>universis</span> <span class='ocrx_word' id='word_1_208' title='bbox 613 1150 646 1181; x_wconf 92' lang='lat'>&amp;</span> <span class='ocrx_word' id='word_1_209' title='bbox 672 1147 780 1188; x_wconf 82' lang='lat' dir='ltr'>singulis</span> <span class='ocrx_word' id='word_1_210' title='bbox 808 1146 1040 1189; x_wconf 87' lang='lat' dir='ltr'>Archiepiscopis</span> <span class='ocrx_word' id='word_1_211' title='bbox 1055 1172 1065 1188; x_wconf 86' lang='lat'>‚</span> <span class='ocrx_word' id='word_1_212' title='bbox 1087 1148 1255 1189; x_wconf 65' lang='lat' dir='ltr'>Episcopus,</span> 
     </span>
     <span class='ocr_line' id='line_1_33' title="bbox 188 1186 1252 1229; baseline -0.002 -8"><span class='ocrx_word' id='word_1_213' title='bbox 188 1191 363 1229; x_wconf 72' lang='lat' dir='ltr'>Abbatibus,</span> <span class='ocrx_word' id='word_1_214' title='bbox 379 1190 541 1227; x_wconf 81' lang='lat' dir='ltr'>Prioribus,</span> <span class='ocrx_word' id='word_1_215' title='bbox 565 1188 712 1225; x_wconf 82' lang='lat' dir='ltr'>Ducibus,</span> <span class='ocrx_word' id='word_1_216' title='bbox 726 1186 909 1225; x_wconf 69' lang='lat' dir='ltr'>Comstibus,</span> <span class='ocrx_word' id='word_1_217' title='bbox 930 1187 1103 1227; x_wconf 81' lang='lat' dir='ltr'>Batonibus,</span> <span class='ocrx_word' id='word_1_218' title='bbox 1121 1188 1252 1227; x_wconf 77' lang='lat' dir='ltr'>justicia-</span> 
     </span>
     <span class='ocr_line' id='line_1_34' title="bbox 188 1226 1249 1268; baseline -0.002 -8"><span class='ocrx_word' id='word_1_219' title='bbox 188 1231 249 1268; x_wconf 86' lang='lat' dir='ltr'>riis,</span> <span class='ocrx_word' id='word_1_220' title='bbox 267 1227 410 1260; x_wconf 84' lang='lat' dir='ltr'>Militibus</span> <span class='ocrx_word' id='word_1_221' title='bbox 436 1228 543 1258; x_wconf 86' lang='lat' dir='ltr'>Liberis</span> <span class='ocrx_word' id='word_1_222' title='bbox 559 1226 750 1264; x_wconf 88' lang='lat' dir='ltr'>Hominibus,</span> <span class='ocrx_word' id='word_1_223' title='bbox 768 1226 802 1257; x_wconf 90' lang='lat'>&amp;</span> <span class='ocrx_word' id='word_1_224' title='bbox 814 1227 951 1257; x_wconf 88' lang='lat' dir='ltr'>omnibus</span> <span class='ocrx_word' id='word_1_225' title='bbox 966 1226 1024 1256; x_wconf 88' lang='lat' dir='ltr'>aliis</span> <span class='ocrx_word' id='word_1_226' title='bbox 1037 1226 1073 1257; x_wconf 90' lang='lat' dir='ltr'>de</span> <span class='ocrx_word' id='word_1_227' title='bbox 1088 1228 1178 1258; x_wconf 89' lang='lat' dir='ltr'>Terra</span> <span class='ocrx_word' id='word_1_228' title='bbox 1195 1237 1249 1258; x_wconf 88' lang='lat' dir='ltr'>no-</span> 
     </span>
     <span class='ocr_line' id='line_1_35' title="bbox 187 1252 1251 1307; baseline -0.002 -9"><span class='ocrx_word' id='word_1_229' title='bbox 187 1268 240 1298; x_wconf 86' lang='lat' dir='ltr'>stra</span> <span class='ocrx_word' id='word_1_230' title='bbox 256 1268 389 1307; x_wconf 63' lang='lat' dir='ltr'>praedieta</span> <span class='ocrx_word' id='word_1_231' title='bbox 405 1252 520 1297; x_wconf 66' lang='lat' dir='ltr'>fi&#39;rmiter</span> <span class='ocrx_word' id='word_1_232' title='bbox 535 1266 565 1295; x_wconf 89' lang='lat' dir='ltr'>in</span> <span class='ocrx_word' id='word_1_233' title='bbox 582 1264 727 1296; x_wconf 83' lang='lat' dir='ltr'>Mandatis</span> <span class='ocrx_word' id='word_1_234' title='bbox 742 1264 821 1303; x_wconf 77' lang='lat' dir='ltr'>quod</span> <span class='ocrx_word' id='word_1_235' title='bbox 841 1264 936 1295; x_wconf 89' lang='lat' dir='ltr'>eidem</span> <span class='ocrx_word' id='word_1_236' title='bbox 958 1268 1060 1295; x_wconf 82' lang='lat' dir='ltr'>Comiti</span> <span class='ocrx_word' id='word_1_237' title='bbox 1074 1288 1085 1304; x_wconf 86' lang='lat'>,</span> <span class='ocrx_word' id='word_1_238' title='bbox 1117 1274 1251 1304; x_wconf 87' lang='lat' dir='ltr'>tanquam</span> 
     </span>
     <span class='ocr_line' id='line_1_36' title="bbox 188 1301 1251 1345; baseline -0.001 -9"><span class='ocrx_word' id='word_1_239' title='bbox 188 1311 327 1345; x_wconf 83' lang='lat' dir='ltr'>Deputato</span> <span class='ocrx_word' id='word_1_240' title='bbox 348 1305 434 1344; x_wconf 77' lang='lat' dir='ltr'>nostro</span> <span class='ocrx_word' id='word_1_241' title='bbox 456 1306 486 1335; x_wconf 89' lang='lat' dir='ltr'>in</span> <span class='ocrx_word' id='word_1_242' title='bbox 505 1304 605 1334; x_wconf 89' lang='lat' dir='ltr'>eadem</span> <span class='ocrx_word' id='word_1_243' title='bbox 619 1303 709 1334; x_wconf 89' lang='lat' dir='ltr'>Terra</span> <span class='ocrx_word' id='word_1_244' title='bbox 724 1326 733 1342; x_wconf 90' lang='lat'>,</span> <span class='ocrx_word' id='word_1_245' title='bbox 762 1301 942 1335; x_wconf 79' lang='lat' dir='ltr'>Intendentes</span> <span class='ocrx_word' id='word_1_246' title='bbox 965 1303 1018 1335; x_wconf 85' lang='lat' dir='ltr'>fint</span> <span class='ocrx_word' id='word_1_247' title='bbox 1033 1327 1044 1343; x_wconf 92' lang='lat'>‚</span> <span class='ocrx_word' id='word_1_248' title='bbox 1070 1303 1251 1345; x_wconf 83' lang='lat' dir='ltr'>Affistentes‚</span> 
     </span>
     <span class='ocr_line' id='line_1_37' title="bbox 187 1341 1252 1414; baseline 0 -39"><span class='ocrx_word' id='word_1_249' title='bbox 187 1346 378 1414; x_wconf 45' lang='lat' dir='ltr'>Auxiliainteffi</span> <span class='ocrx_word' id='word_1_250' title='bbox 387 1343 627 1382; x_wconf 79' lang='lat' dir='ltr'>Consulentes,ac</span> <span class='ocrx_word' id='word_1_251' title='bbox 643 1342 696 1373; x_wconf 87' lang='lat' dir='ltr'>suis</span> <span class='ocrx_word' id='word_1_252' title='bbox 712 1341 856 1373; x_wconf 78' lang='lat' dir='ltr'>Mandaiis</span> <span class='ocrx_word' id='word_1_253' title='bbox 870 1341 1046 1374; x_wconf 65' lang='lat' dir='ltr'>Obedientoe</span> <span class='ocrx_word' id='word_1_254' title='bbox 1058 1343 1088 1374; x_wconf 87' lang='lat' dir='ltr'>in</span> <span class='ocrx_word' id='word_1_255' title='bbox 1102 1344 1252 1383; x_wconf 87' lang='lat' dir='ltr'>omnibus,</span> 
     </span>
    </p>

    <p class='ocr_par' dir='ltr' id='par_1_10' title="bbox 186 1391 1252 1497">
     <span class='ocr_line' id='line_1_38' title="bbox 209 1391 391 1414; baseline -0.005 -1"><span class='ocrx_word' id='word_1_256' title='bbox 209 1392 272 1414; x_wconf 86' lang='lat' dir='ltr'>rout</span> <span class='ocrx_word' id='word_1_257' title='bbox 309 1391 371 1413; x_wconf 89' lang='lat' dir='ltr'>ecet</span> <span class='ocrx_word' id='word_1_258' title='bbox 385 1395 391 1400; x_wconf 92' lang='lat'><strong>·</strong></span> 
     </span>
     <span class='ocr_line' id='line_1_39' title="bbox 188 1394 1252 1461; baseline 0.002 -9"><span class='ocrx_word' id='word_1_259' title='bbox 188 1394 207 1421; x_wconf 88' lang='lat' dir='ltr'>p</span> <span class='ocrx_word' id='word_1_260' title='bbox 224 1421 269 1452; x_wconf 88' lang='lat' dir='ltr'>Eo</span> <span class='ocrx_word' id='word_1_261' title='bbox 286 1421 366 1460; x_wconf 79' lang='lat' dir='ltr'>quod</span> <span class='ocrx_word' id='word_1_262' title='bbox 384 1407 516 1458; x_wconf 63' lang='lat' dir='ltr'>&#39;expressa</span> <span class='ocrx_word' id='word_1_263' title='bbox 529 1420 641 1450; x_wconf 88' lang='lat' dir='ltr'>mentio</span> <span class='ocrx_word' id='word_1_264' title='bbox 655 1418 692 1449; x_wconf 91' lang='lat' dir='ltr'>de</span> <span class='ocrx_word' id='word_1_265' title='bbox 710 1418 891 1451; x_wconf 86' lang='lat' dir='ltr'>Certitudine</span> <span class='ocrx_word' id='word_1_266' title='bbox 905 1419 950 1452; x_wconf 88' lang='lat' dir='ltr'>vel</span> <span class='ocrx_word' id='word_1_267' title='bbox 964 1420 1000 1451; x_wconf 90' lang='lat' dir='ltr'>de</span> <span class='ocrx_word' id='word_1_268' title='bbox 1020 1420 1111 1461; x_wconf 85' lang='lat' dir='ltr'>aliqua</span> <span class='ocrx_word' id='word_1_269' title='bbox 1126 1420 1252 1454; x_wconf 81' lang='lat' dir='ltr'>Certitu-</span> 
     </span>
     <span class='ocr_line' id='line_1_40' title="bbox 186 1458 1250 1497; baseline 0.002 -7"><span class='ocrx_word' id='word_1_270' title='bbox 186 1460 252 1490; x_wconf 86' lang='lat' dir='ltr'>dine</span> <span class='ocrx_word' id='word_1_271' title='bbox 268 1459 482 1490; x_wconf 80' lang='lat' dir='ltr'>Praemifforum</span> <span class='ocrx_word' id='word_1_272' title='bbox 504 1481 514 1497; x_wconf 91' lang='lat'>,</span> <span class='ocrx_word' id='word_1_273' title='bbox 548 1458 594 1489; x_wconf 90' lang='lat' dir='ltr'>vel</span> <span class='ocrx_word' id='word_1_274' title='bbox 607 1467 711 1488; x_wconf 87' lang='lat' dir='ltr'>eorum</span> <span class='ocrx_word' id='word_1_275' title='bbox 725 1458 840 1496; x_wconf 89' lang='lat' dir='ltr'>alicujus</span> <span class='ocrx_word' id='word_1_276' title='bbox 855 1481 865 1497; x_wconf 90' lang='lat'>,</span> <span class='ocrx_word' id='word_1_277' title='bbox 889 1467 936 1490; x_wconf 87' lang='lat' dir='ltr'>aut</span> <span class='ocrx_word' id='word_1_278' title='bbox 958 1458 994 1491; x_wconf 92' lang='lat' dir='ltr'>de</span> <span class='ocrx_word' id='word_1_279' title='bbox 1014 1459 1073 1491; x_wconf 88' lang='lat' dir='ltr'>aliis</span> <span class='ocrx_word' id='word_1_280' title='bbox 1087 1460 1179 1491; x_wconf 86' lang='lat' dir='ltr'>Donis</span> <span class='ocrx_word' id='word_1_281' title='bbox 1195 1461 1250 1492; x_wconf 84' lang='lat' dir='ltr'>sive</span> 
     </span>
    </p>
   </div>
   <div class='ocr_carea' id='block_1_4' title="bbox 162 1495 1250 1541">
    <p class='ocr_par' dir='ltr' id='par_1_11' title="bbox 162 1495 1250 1541">
     <span class='ocr_line' id='line_1_41' title="bbox 162 1495 1250 1541; baseline 0.003 -13"><span class='ocrx_word' id='word_1_282' title='bbox 162 1519 172 1529; x_wconf 87' lang='lat'>.</span> <span class='ocrx_word' id='word_1_283' title='bbox 187 1498 428 1529; x_wconf 78' lang='lat' dir='ltr'>Conceffionibus</span> <span class='ocrx_word' id='word_1_284' title='bbox 449 1507 497 1541; x_wconf 79' lang='lat' dir='ltr'>per</span> <span class='ocrx_word' id='word_1_285' title='bbox 516 1495 584 1528; x_wconf 90' lang='lat' dir='ltr'>Nos</span> <span class='ocrx_word' id='word_1_286' title='bbox 596 1496 715 1536; x_wconf 82' lang='lat' dir='ltr'>praefato</span> <span class='ocrx_word' id='word_1_287' title='bbox 731 1500 829 1527; x_wconf 82' lang='lat' dir='ltr'>Comiti</span> <span class='ocrx_word' id='word_1_288' title='bbox 844 1506 908 1528; x_wconf 88' lang='lat' dir='ltr'>ante</span> <span class='ocrx_word' id='word_1_289' title='bbox 928 1498 991 1528; x_wconf 85' lang='lat' dir='ltr'>haec</span> <span class='ocrx_word' id='word_1_290' title='bbox 1004 1506 1135 1537; x_wconf 85' lang='lat' dir='ltr'>tempora</span> <span class='ocrx_word' id='word_1_291' title='bbox 1152 1499 1250 1538; x_wconf 70' lang='lat' dir='ltr'>factis,</span> 
     </span>
    </p>
   </div>
   <div class='ocr_carea' id='block_1_5' title="bbox 32 2016 167 2272">
    <p class='ocr_par' dir='ltr' id='par_1_12' title="bbox 32 2016 167 2233">
     <span class='ocr_line' id='line_1_42' title="bbox 80 2016 119 2049; baseline 0 0"><span class='ocrx_word' id='word_1_292' title='bbox 80 2016 119 2049; x_wconf 65' lang='lat' dir='ltr'>‘s</span> 
     </span>
     <span class='ocr_line' id='line_1_43' title="bbox 36 2050 167 2082; baseline -0.008 0"><span class='ocrx_word' id='word_1_293' title='bbox 36 2050 167 2082; x_wconf 73' lang='lat' dir='ltr'>AnnD.</span> 
     </span>
     <span class='ocr_line' id='line_1_44' title="bbox 57 2099 140 2127; baseline 0.024 -8"><span class='ocrx_word' id='word_1_294' title='bbox 57 2099 140 2127; x_wconf 81' lang='lat'><em>1522.</em></span> 
     </span>
     <span class='ocr_line' id='line_1_45' title="bbox 32 2134 148 2165; baseline 0.009 -9"><span class='ocrx_word' id='word_1_295' title='bbox 32 2134 85 2156; x_wconf 72' lang='lat' dir='ltr'>An.</span> <span class='ocrx_word' id='word_1_296' title='bbox 107 2140 148 2165; x_wconf 74' lang='lat'>¹4·</span> 
     </span>
     <span class='ocr_line' id='line_1_46' title="bbox 35 2167 115 2195; baseline 0.025 -2"><span class='ocrx_word' id='word_1_297' title='bbox 35 2171 68 2193; x_wconf 72' lang='lat'>11.</span> <span class='ocrx_word' id='word_1_298' title='bbox 89 2167 115 2195; x_wconf 84' lang='lat' dir='ltr'>S.</span> 
     </span>
     <span class='ocr_line' id='line_1_47' title="bbox 35 2209 144 2233; baseline 0 -1"><span class='ocrx_word' id='word_1_299' title='bbox 35 2209 75 2232; x_wconf 71' lang='lat' dir='ltr'>Ex</span> <span class='ocrx_word' id='word_1_300' title='bbox 91 2210 144 2233; x_wconf 73' lang='lat' dir='ltr'>Ar-</span> 
     </span>
    </p>

    <p class='ocr_par' dir='ltr' id='par_1_13' title="bbox 32 2243 101 2272">
     <span class='ocr_line' id='line_1_48' title="bbox 32 2243 101 2272; baseline 0.043 -3"><span class='ocrx_word' id='word_1_301' title='bbox 32 2243 101 2272; x_wconf 63' lang='lat' dir='ltr'>clav.</span> 
     </span>
    </p>
   </div>
   <div class='ocr_carea' id='block_1_6' title="bbox 40 3084 154 3157">
    <p class='ocr_par' dir='ltr' id='par_1_14' title="bbox 40 3084 154 3157">
     <span class='ocr_line' id='line_1_49' title="bbox 40 3084 154 3111; baseline 0 0"><span class='ocrx_word' id='word_1_302' title='bbox 40 3084 154 3111; x_wconf 54' lang='lat' dir='ltr'>*}(11L</span> 
     </span>
     <span class='ocr_line' id='line_1_50' title="bbox 78 3123 143 3157; baseline 0 -7"><span class='ocrx_word' id='word_1_303' title='bbox 78 3123 143 3157; x_wconf 76' lang='lat'>768.</span> 
     </span>
    </p>
   </div>
   <div class='ocr_carea' id='block_1_7' title="bbox 40 3240 172 3271">
    <p class='ocr_par' dir='ltr' id='par_1_15' title="bbox 40 3240 172 3271">
     <span class='ocr_line' id='line_1_51' title="bbox 40 3240 172 3271; baseline 0.008 -1"><span class='ocrx_word' id='word_1_304' title='bbox 40 3240 116 3270; x_wconf 63' lang='lat' dir='ltr'>Ann⁴</span> <span class='ocrx_word' id='word_1_305' title='bbox 133 3241 172 3271; x_wconf 89' lang='lat' dir='ltr'>D.</span> 
     </span>
    </p>
   </div>
   <div class='ocr_carea' id='block_1_8' title="bbox 42 3288 158 3394">
    <p class='ocr_par' dir='ltr' id='par_1_16' title="bbox 42 3288 158 3394">
     <span class='ocr_line' id='line_1_52' title="bbox 64 3288 147 3315; baseline 0.012 -7"><span class='ocrx_word' id='word_1_306' title='bbox 64 3288 147 3315; x_wconf 83' lang='lat'><em>1522.</em></span> 
     </span>
     <span class='ocr_line' id='line_1_53' title="bbox 42 3322 158 3355; baseline 0.009 -11"><span class='ocrx_word' id='word_1_307' title='bbox 42 3322 91 3346; x_wconf 81' lang='lat' dir='ltr'>An.</span> <span class='ocrx_word' id='word_1_308' title='bbox 118 3329 158 3355; x_wconf 73' lang='lat'>¹4·</span> 
     </span>
     <span class='ocr_line' id='line_1_54' title="bbox 44 3357 134 3394; baseline 0 -11"><span class='ocrx_word' id='word_1_309' title='bbox 44 3361 78 3384; x_wconf 60' lang='lat' dir='ltr'>a.</span> <span class='ocrx_word' id='word_1_310' title='bbox 94 3357 134 3394; x_wconf 56' lang='grc' dir='ltr'>ε.γ</span> 
     </span>
    </p>
   </div>
   <div class='ocr_carea' id='block_1_9' title="bbox 185 1535 1253 1770">
    <p class='ocr_par' dir='ltr' id='par_1_17' title="bbox 185 1535 1253 1693">
     <span class='ocr_line' id='line_1_55' title="bbox 186 1535 1252 1575; baseline 0.002 -8"><span class='ocrx_word' id='word_1_311' title='bbox 186 1538 214 1567; x_wconf 86' lang='lat' dir='ltr'>in</span> <span class='ocrx_word' id='word_1_312' title='bbox 231 1537 410 1575; x_wconf 74' lang='lat' dir='ltr'>praesentibus</span> <span class='ocrx_word' id='word_1_313' title='bbox 425 1537 547 1567; x_wconf 76' lang='lat' dir='ltr'>minime</span> <span class='ocrx_word' id='word_1_314' title='bbox 563 1535 636 1566; x_wconf 65' lang='lat' dir='ltr'>faeta</span> <span class='ocrx_word' id='word_1_315' title='bbox 652 1535 864 1574; x_wconf 75' lang='lat' dir='ltr'>existit3aliquo</span> <span class='ocrx_word' id='word_1_316' title='bbox 880 1535 1007 1574; x_wconf 86' lang='lat' dir='ltr'>Statuto,</span> <span class='ocrx_word' id='word_1_317' title='bbox 1017 1537 1092 1569; x_wconf 69' lang='grc' dir='ltr'>Αᾶυ</span> <span class='ocrx_word' id='word_1_318' title='bbox 1125 1537 1252 1569; x_wconf 89' lang='lat' dir='ltr'>Ordina-</span> 
     </span>
     <span class='ocr_line' id='line_1_56' title="bbox 187 1561 1252 1616; baseline 0.002 -10"><span class='ocrx_word' id='word_1_319' title='bbox 187 1575 472 1615; x_wconf 60' lang='lat' dir='ltr'>tionefflrovifione,</span> <span class='ocrx_word' id='word_1_320' title='bbox 486 1575 542 1605; x_wconf 87' lang='lat' dir='ltr'>sive</span> <span class='ocrx_word' id='word_1_321' title='bbox 559 1573 753 1616; x_wconf 67' lang='lat' dir='ltr'>Restrictione</span> <span class='ocrx_word' id='word_1_322' title='bbox 767 1575 834 1606; x_wconf 87' lang='lat' dir='ltr'>inde</span> <span class='ocrx_word' id='word_1_323' title='bbox 848 1576 880 1604; x_wconf 86' lang='lat' dir='ltr'>in</span> <span class='ocrx_word' id='word_1_324' title='bbox 898 1576 1070 1606; x_wconf 83' lang='lat' dir='ltr'>contrarium</span> <span class='ocrx_word' id='word_1_325' title='bbox 1085 1561 1167 1607; x_wconf 47' lang='lat' dir='ltr'>flffls</span> <span class='ocrx_word' id='word_1_326' title='bbox 1177 1577 1252 1613; x_wconf 82' lang='lat' dir='ltr'>,edi-</span> 
     </span>
     <span class='ocr_line' id='line_1_57' title="bbox 188 1612 1253 1653; baseline 0.002 -8"><span class='ocrx_word' id='word_1_327' title='bbox 188 1613 461 1652; x_wconf 82' lang='lat' dir='ltr'>tis,ordinatis,sive</span> <span class='ocrx_word' id='word_1_328' title='bbox 477 1613 609 1651; x_wconf 59' lang='lat' dir='ltr'>proviin,</span> <span class='ocrx_word' id='word_1_329' title='bbox 622 1621 670 1644; x_wconf 88' lang='lat' dir='ltr'>aut</span> <span class='ocrx_word' id='word_1_330' title='bbox 683 1612 774 1652; x_wconf 71' lang='lat' dir='ltr'>aliqua</span> <span class='ocrx_word' id='word_1_331' title='bbox 794 1612 847 1644; x_wconf 68' lang='lat' dir='ltr'>alii</span> <span class='ocrx_word' id='word_1_332' title='bbox 863 1612 926 1652; x_wconf 82' lang='lat' dir='ltr'>Re,</span> <span class='ocrx_word' id='word_1_333' title='bbox 940 1612 1051 1653; x_wconf 69' lang='lat' dir='ltr'>Causa,</span> <span class='ocrx_word' id='word_1_334' title='bbox 1067 1615 1114 1646; x_wconf 89' lang='lat' dir='ltr'>vel</span> <span class='ocrx_word' id='word_1_335' title='bbox 1129 1615 1253 1647; x_wconf 68' lang='lat' dir='ltr'>Materia</span> 
     </span>
     <span class='ocr_line' id='line_1_58' title="bbox 185 1651 657 1693; baseline -0.006 -9"><span class='ocrx_word' id='word_1_336' title='bbox 185 1662 363 1693; x_wconf 80' lang='lat' dir='ltr'>quacumque</span> <span class='ocrx_word' id='word_1_337' title='bbox 372 1676 381 1690; x_wconf 91' lang='lat'>,</span> <span class='ocrx_word' id='word_1_338' title='bbox 394 1662 456 1683; x_wconf 87' lang='lat' dir='ltr'>non</span> <span class='ocrx_word' id='word_1_339' title='bbox 471 1651 657 1683; x_wconf 88' lang='lat' dir='ltr'>obstantibus.</span> 
     </span>
    </p>

    <p class='ocr_par' dir='ltr' id='par_1_18' title="bbox 222 1691 442 1729">
     <span class='ocr_line' id='line_1_59' title="bbox 222 1691 442 1729; baseline -0.005 -7"><span class='ocrx_word' id='word_1_340' title='bbox 222 1692 256 1722; x_wconf 92' lang='lat' dir='ltr'>In</span> <span class='ocrx_word' id='word_1_341' title='bbox 275 1692 372 1729; x_wconf 81' lang='lat' dir='ltr'>cujus,</span> <span class='ocrx_word' id='word_1_342' title='bbox 389 1691 442 1721; x_wconf 88' lang='lat' dir='ltr'>&amp;c</span> 
     </span>
    </p>

    <p class='ocr_par' dir='ltr' id='par_1_19' title="bbox 223 1725 1092 1770">
     <span class='ocr_line' id='line_1_60' title="bbox 223 1725 1092 1770; baseline -0.001 -9"><span class='ocrx_word' id='word_1_343' title='bbox 223 1731 312 1762; x_wconf 84' lang='lat' dir='ltr'>Teste</span> <span class='ocrx_word' id='word_1_344' title='bbox 332 1729 414 1770; x_wconf 87' lang='lat' dir='ltr'>Rege</span> <span class='ocrx_word' id='word_1_345' title='bbox 431 1728 505 1767; x_wconf 84' lang='lat' dir='ltr'>apud</span> <span class='ocrx_word' id='word_1_346' title='bbox 525 1725 805 1769; x_wconf 79' lang='lat' dir='ltr'>Westmonasterium,</span> <span class='ocrx_word' id='word_1_347' title='bbox 821 1727 898 1761; x_wconf 85' lang='lat' dir='ltr'>sexto</span> <span class='ocrx_word' id='word_1_348' title='bbox 913 1728 960 1760; x_wconf 90' lang='lat' dir='ltr'>die</span> <span class='ocrx_word' id='word_1_349' title='bbox 982 1728 1092 1762; x_wconf 86' lang='lat' dir='ltr'>Martii.</span> 
     </span>
    </p>
   </div>
   <div class='ocr_carea' id='block_1_10' title="bbox 213 1827 1212 1834">
    <p class='ocr_par' dir='ltr' id='par_1_20' title="bbox 213 1827 1212 1834">
     <span class='ocr_line' id='line_1_61' title="bbox 213 1827 1212 1834; baseline 0 0"><span class='ocrx_word' id='word_1_350' title='bbox 213 1827 1212 1834; x_wconf 95' lang='lat' dir='ltr'> </span> 
     </span>
    </p>
   </div>
   <div class='ocr_carea' id='block_1_11' title="bbox 230 1883 1205 1981">
    <p class='ocr_par' dir='ltr' id='par_1_21' title="bbox 230 1883 1205 1981">
     <span class='ocr_line' id='line_1_62' title="bbox 230 1883 1205 1932; baseline 0.003 -13"><span class='ocrx_word' id='word_1_351' title='bbox 230 1890 325 1932; x_wconf 81' lang='lat' dir='ltr'>Super</span> <span class='ocrx_word' id='word_1_352' title='bbox 350 1885 499 1919; x_wconf 82' lang='lat' dir='ltr'>Adventu</span> <span class='ocrx_word' id='word_1_353' title='bbox 527 1887 739 1931; x_wconf 80' lang='lat' dir='ltr'>Imperatoris,</span> <span class='ocrx_word' id='word_1_354' title='bbox 759 1883 910 1932; x_wconf 84' lang='lat' dir='ltr'>Affignati</span> <span class='ocrx_word' id='word_1_355' title='bbox 929 1885 973 1918; x_wconf 77' lang='lat' dir='ltr'>ad</span> <span class='ocrx_word' id='word_1_356' title='bbox 993 1886 1205 1921; x_wconf 70' lang='lat' dir='ltr'>intendendum</span> 
     </span>
     <span class='ocr_line' id='line_1_63' title="bbox 450 1933 994 1981; baseline 0 -13"><span class='ocrx_word' id='word_1_357' title='bbox 450 1936 580 1968; x_wconf 89' lang='lat' dir='ltr'>Domino</span> <span class='ocrx_word' id='word_1_358' title='bbox 596 1937 708 1981; x_wconf 77' lang='lat' dir='ltr'>Legata</span> <span class='ocrx_word' id='word_1_359' title='bbox 723 1933 768 1967; x_wconf 82' lang='lat' dir='ltr'>ad</span> <span class='ocrx_word' id='word_1_360' title='bbox 782 1937 994 1969; x_wconf 76' lang='lat' dir='ltr'>Cantuariam.</span> 
     </span>
    </p>
   </div>
   <div class='ocr_carea' id='block_1_12' title="bbox 242 2018 630 2136">
    <p class='ocr_par' dir='ltr' id='par_1_22' title="bbox 242 2018 630 2136">
     <span class='ocr_line' id='line_1_64' title="bbox 250 2018 522 2059; baseline -0.007 -8"><span class='ocrx_word' id='word_1_361' title='bbox 250 2020 359 2051; x_wconf 68' lang='lat' dir='ltr'>H&#39;Erle</span> <span class='ocrx_word' id='word_1_362' title='bbox 376 2018 411 2059; x_wconf 76' lang='lat' dir='ltr'>of</span> <span class='ocrx_word' id='word_1_363' title='bbox 418 2024 522 2051; x_wconf 73' lang='lat' dir='ltr'>Surrey.</span> 
     </span>
     <span class='ocr_line' id='line_1_65' title="bbox 303 2057 630 2097; baseline -0.006 -8"><span class='ocrx_word' id='word_1_364' title='bbox 303 2060 422 2089; x_wconf 87' lang='lat' dir='ltr'>Th&#39;Erle</span> <span class='ocrx_word' id='word_1_365' title='bbox 443 2059 478 2097; x_wconf 80' lang='lat' dir='ltr'>of</span> <span class='ocrx_word' id='word_1_366' title='bbox 495 2059 537 2088; x_wconf 81' lang='lat' dir='ltr'><em>W</em></span> <span class='ocrx_word' id='word_1_367' title='bbox 535 2057 630 2097; x_wconf 67' lang='lat' dir='ltr'>ilsl21&#39;re.</span> 
     </span>
     <span class='ocr_line' id='line_1_66' title="bbox 242 2097 503 2136; baseline -0.008 -8"><span class='ocrx_word' id='word_1_368' title='bbox 242 2097 363 2128; x_wconf 81' lang='lat' dir='ltr'>Th&#39;Erle</span> <span class='ocrx_word' id='word_1_369' title='bbox 377 2097 503 2136; x_wconf 78' lang='lat' dir='ltr'>ofKent.</span> 
     </span>
    </p>
   </div>
   <div class='ocr_carea' id='block_1_13' title="bbox 738 2057 1086 2370">
    <p class='ocr_par' dir='ltr' id='par_1_23' title="bbox 738 2057 1081 2174">
     <span class='ocr_line' id='line_1_67' title="bbox 738 2057 1028 2089; baseline -0.007 -1"><span class='ocrx_word' id='word_1_370' title='bbox 738 2061 781 2088; x_wconf 82' lang='lat' dir='ltr'>Sir</span> <span class='ocrx_word' id='word_1_371' title='bbox 799 2057 926 2088; x_wconf 76' lang='lat' dir='ltr'>William</span> <span class='ocrx_word' id='word_1_372' title='bbox 944 2061 1028 2089; x_wconf 78' lang='lat' dir='ltr'>Scott.</span> 
     </span>
     <span class='ocr_line' id='line_1_68' title="bbox 738 2097 1081 2138; baseline 0.003 -12"><span class='ocrx_word' id='word_1_373' title='bbox 738 2100 782 2126; x_wconf 82' lang='lat' dir='ltr'>Sir</span> <span class='ocrx_word' id='word_1_374' title='bbox 804 2099 897 2138; x_wconf 73' lang='lat' dir='ltr'>Henry</span> <span class='ocrx_word' id='word_1_375' title='bbox 920 2097 1081 2137; x_wconf 57' lang='lat' dir='ltr'>Guyldfirrd‘</span> 
     </span>
     <span class='ocr_line' id='line_1_69' title="bbox 738 2135 976 2174; baseline 0.008 -10"><span class='ocrx_word' id='word_1_376' title='bbox 738 2138 782 2164; x_wconf 87' lang='lat' dir='ltr'>Sir</span> <span class='ocrx_word' id='word_1_377' title='bbox 799 2135 881 2174; x_wconf 86' lang='lat' dir='ltr'>John</span> <span class='ocrx_word' id='word_1_378' title='bbox 899 2140 976 2174; x_wconf 81' lang='lat' dir='ltr'>Fogg.</span> 
     </span>
    </p>

    <p class='ocr_par' dir='ltr' id='par_1_24' title="bbox 738 2173 1082 2329">
     <span class='ocr_line' id='line_1_70' title="bbox 738 2173 1039 2211; baseline 0.003 -8"><span class='ocrx_word' id='word_1_379' title='bbox 738 2177 784 2203; x_wconf 82' lang='lat' dir='ltr'>Sir</span> <span class='ocrx_word' id='word_1_380' title='bbox 799 2174 881 2211; x_wconf 75' lang='lat' dir='ltr'>John</span> <span class='ocrx_word' id='word_1_381' title='bbox 902 2177 943 2205; x_wconf 90' lang='lat' dir='ltr'><em>W</em></span> <span class='ocrx_word' id='word_1_382' title='bbox 942 2173 1039 2210; x_wconf 80' lang='lat' dir='ltr'>ilshire.</span> 
     </span>
     <span class='ocr_line' id='line_1_71' title="bbox 740 2212 1032 2252; baseline 0.007 -11"><span class='ocrx_word' id='word_1_383' title='bbox 740 2216 784 2242; x_wconf 88' lang='lat' dir='ltr'>Sir</span> <span class='ocrx_word' id='word_1_384' title='bbox 799 2212 914 2242; x_wconf 80' lang='lat' dir='ltr'>Thomas</span> <span class='ocrx_word' id='word_1_385' title='bbox 935 2215 1032 2252; x_wconf 79' lang='lat' dir='ltr'>Cokyn.</span> 
     </span>
     <span class='ocr_line' id='line_1_72' title="bbox 739 2251 1082 2283; baseline 0.006 -2"><span class='ocrx_word' id='word_1_386' title='bbox 739 2254 784 2281; x_wconf 77' lang='lat' dir='ltr'>Sir</span> <span class='ocrx_word' id='word_1_387' title='bbox 799 2253 840 2280; x_wconf 88' lang='lat' dir='ltr'><em>W</em></span> <span class='ocrx_word' id='word_1_388' title='bbox 838 2251 924 2281; x_wconf 71' lang='lat' dir='ltr'>illium</span> <span class='ocrx_word' id='word_1_389' title='bbox 940 2255 1082 2283; x_wconf 75' lang='lat' dir='ltr'>Brereton.</span> 
     </span>
     <span class='ocr_line' id='line_1_73' title="bbox 739 2289 1016 2329; baseline 0.004 -10"><span class='ocrx_word' id='word_1_390' title='bbox 739 2293 784 2319; x_wconf 87' lang='lat' dir='ltr'>Sir</span> <span class='ocrx_word' id='word_1_391' title='bbox 799 2289 880 2329; x_wconf 89' lang='lat' dir='ltr'>John</span> <span class='ocrx_word' id='word_1_392' title='bbox 897 2292 1016 2320; x_wconf 82' lang='lat' dir='ltr'>Norton.</span> 
     </span>
    </p>

    <p class='ocr_par' dir='ltr' id='par_1_25' title="bbox 739 2328 1086 2370">
     <span class='ocr_line' id='line_1_74' title="bbox 739 2328 1086 2370; baseline 0.006 -12"><span class='ocrx_word' id='word_1_393' title='bbox 739 2332 782 2358; x_wconf 75' lang='lat' dir='ltr'>Sir</span> <span class='ocrx_word' id='word_1_394' title='bbox 801 2328 926 2359; x_wconf 76' lang='lat' dir='ltr'>William</span> <span class='ocrx_word' id='word_1_395' title='bbox 943 2331 1086 2370; x_wconf 81' lang='lat' dir='ltr'>Perpoynt.</span> 
     </span>
    </p>
   </div>
   <div class='ocr_carea' id='block_1_14' title="bbox 228 2172 597 2329">
    <p class='ocr_par' dir='ltr' id='par_1_26' title="bbox 228 2172 597 2329">
     <span class='ocr_line' id='line_1_75' title="bbox 228 2172 594 2213; baseline 0 -8"><span class='ocrx_word' id='word_1_396' title='bbox 228 2176 283 2205; x_wconf 89' lang='lat' dir='ltr'>The</span> <span class='ocrx_word' id='word_1_397' title='bbox 299 2173 395 2213; x_wconf 67' lang='lat' dir='ltr'>Bishop</span> <span class='ocrx_word' id='word_1_398' title='bbox 411 2172 445 2213; x_wconf 76' lang='lat' dir='ltr'>of</span> <span class='ocrx_word' id='word_1_399' title='bbox 454 2177 530 2204; x_wconf 85' lang='lat' dir='ltr'>Exce</span> <span class='ocrx_word' id='word_1_400' title='bbox 553 2185 594 2205; x_wconf 86' lang='lat' dir='ltr'>er.</span> 
     </span>
     <span class='ocr_line' id='line_1_76' title="bbox 230 2213 570 2253; baseline -0.009 -9"><span class='ocrx_word' id='word_1_401' title='bbox 230 2215 286 2244; x_wconf 76' lang='lat' dir='ltr'>The</span> <span class='ocrx_word' id='word_1_402' title='bbox 302 2213 396 2252; x_wconf 68' lang='lat' dir='ltr'>Bglhop</span> <span class='ocrx_word' id='word_1_403' title='bbox 413 2213 448 2253; x_wconf 71' lang='lat' dir='ltr'>cys</span> <span class='ocrx_word' id='word_1_404' title='bbox 456 2214 509 2242; x_wconf 76' lang='lat' dir='ltr'>Che</span> <span class='ocrx_word' id='word_1_405' title='bbox 533 2223 570 2242; x_wconf 72' lang='lat' dir='ltr'>erv</span> 
     </span>
     <span class='ocr_line' id='line_1_77' title="bbox 230 2250 597 2291; baseline -0.005 -9"><span class='ocrx_word' id='word_1_406' title='bbox 230 2253 284 2282; x_wconf 83' lang='lat' dir='ltr'>The</span> <span class='ocrx_word' id='word_1_407' title='bbox 303 2251 397 2290; x_wconf 83' lang='lat' dir='ltr'>Bfhop</span> <span class='ocrx_word' id='word_1_408' title='bbox 420 2253 455 2291; x_wconf 86' lang='lat' dir='ltr'>of</span> <span class='ocrx_word' id='word_1_409' title='bbox 464 2250 597 2290; x_wconf 86' lang='lat' dir='ltr'>Herford.</span> 
     </span>
     <span class='ocr_line' id='line_1_78' title="bbox 229 2288 562 2329; baseline -0.006 -7"><span class='ocrx_word' id='word_1_410' title='bbox 229 2291 372 2322; x_wconf 63' lang='lat' dir='ltr'>Th&#39;Eliecl</span> <span class='ocrx_word' id='word_1_411' title='bbox 390 2288 425 2329; x_wconf 90' lang='lat' dir='ltr'>of</span> <span class='ocrx_word' id='word_1_412' title='bbox 437 2293 562 2321; x_wconf 78' lang='lat' dir='ltr'>London.</span> 
     </span>
    </p>
   </div>
   <div class='ocr_carea' id='block_1_15' title="bbox 223 2365 1036 2482">
    <p class='ocr_par' dir='ltr' id='par_1_27' title="bbox 223 2365 1036 2482">
     <span class='ocr_line' id='line_1_79' title="bbox 224 2365 1036 2407; baseline -0.004 -7"><span class='ocrx_word' id='word_1_413' title='bbox 224 2368 374 2400; x_wconf 66' lang='lat' dir='ltr'>Th&#39;Abbot</span> <span class='ocrx_word' id='word_1_414' title='bbox 388 2365 424 2406; x_wconf 92' lang='lat' dir='ltr'>of</span> <span class='ocrx_word' id='word_1_415' title='bbox 434 2366 627 2407; x_wconf 74' lang='lat' dir='ltr'>W’stmynster.</span> <span class='ocrx_word' id='word_1_416' title='bbox 739 2369 837 2404; x_wconf 82' lang='lat' dir='ltr'>George</span> <span class='ocrx_word' id='word_1_417' title='bbox 851 2367 1036 2406; x_wconf 74' lang='lat' dir='ltr'>Guyldeforde.</span> 
     </span>
     <span class='ocr_line' id='line_1_80' title="bbox 223 2404 1003 2445; baseline -0.003 -9"><span class='ocrx_word' id='word_1_418' title='bbox 223 2407 372 2437; x_wconf 72' lang='lat' dir='ltr'>&#39;Ih’Abbot</span> <span class='ocrx_word' id='word_1_419' title='bbox 387 2404 421 2444; x_wconf 74' lang='lat' dir='ltr'>qf</span> <span class='ocrx_word' id='word_1_420' title='bbox 428 2408 510 2445; x_wconf 58' lang='lat' dir='ltr'>Bury.</span> <span class='ocrx_word' id='word_1_421' title='bbox 740 2405 870 2434; x_wconf 74' lang='lat' dir='ltr'>William</span> <span class='ocrx_word' id='word_1_422' title='bbox 888 2407 1003 2434; x_wconf 75' lang='lat' dir='ltr'>Hawte.</span> 
     </span>
     <span class='ocr_line' id='line_1_81' title="bbox 223 2442 1005 2482; baseline -0.003 -7"><span class='ocrx_word' id='word_1_423' title='bbox 223 2446 373 2475; x_wconf 71' lang='lat' dir='ltr'>Th‘Abbot</span> <span class='ocrx_word' id='word_1_424' title='bbox 386 2442 421 2482; x_wconf 85' lang='lat' dir='ltr'>os</span> <span class='ocrx_word' id='word_1_425' title='bbox 431 2443 644 2482; x_wconf 83' lang='lat' dir='ltr'>Wynchecombe.</span> <span class='ocrx_word' id='word_1_426' title='bbox 738 2444 782 2471; x_wconf 86' lang='lat' dir='ltr'>Sir</span> <span class='ocrx_word' id='word_1_427' title='bbox 796 2442 877 2480; x_wconf 86' lang='lat' dir='ltr'>John</span> <span class='ocrx_word' id='word_1_428' title='bbox 892 2446 1005 2482; x_wconf 84' lang='lat' dir='ltr'>Marny.</span> 
     </span>
    </p>
   </div>
   <div class='ocr_carea' id='block_1_16' title="bbox 222 2480 654 2678">
    <p class='ocr_par' dir='ltr' id='par_1_28' title="bbox 222 2480 654 2678">
     <span class='ocr_line' id='line_1_82' title="bbox 225 2480 525 2521; baseline -0.007 -8"><span class='ocrx_word' id='word_1_429' title='bbox 225 2484 376 2513; x_wconf 69' lang='lat' dir='ltr'>Th&#39;Abbot</span> <span class='ocrx_word' id='word_1_430' title='bbox 393 2480 525 2521; x_wconf 86' lang='lat' dir='ltr'>ofGlouc.</span> 
     </span>
     <span class='ocr_line' id='line_1_83' title="bbox 224 2519 654 2557; baseline -0.005 -6"><span class='ocrx_word' id='word_1_431' title='bbox 224 2522 374 2551; x_wconf 69' lang='lat' dir='ltr'>TlJ&#39;Abbot</span> <span class='ocrx_word' id='word_1_432' title='bbox 388 2521 510 2557; x_wconf 79' lang='lat' dir='ltr'>ofSaint</span> <span class='ocrx_word' id='word_1_433' title='bbox 524 2519 654 2557; x_wconf 77' lang='lat' dir='ltr'>Austens.</span> 
     </span>
     <span class='ocr_line' id='line_1_84' title="bbox 223 2557 628 2599; baseline -0.007 -9"><span class='ocrx_word' id='word_1_434' title='bbox 223 2559 372 2590; x_wconf 73' lang='lat' dir='ltr'>Th&#39;Abbot</span> <span class='ocrx_word' id='word_1_435' title='bbox 395 2557 430 2599; x_wconf 86' lang='lat' dir='ltr'>of</span> <span class='ocrx_word' id='word_1_436' title='bbox 444 2559 628 2599; x_wconf 74' lang='lat' dir='ltr'>Berdmonfl’y.</span> 
     </span>
     <span class='ocr_line' id='line_1_85' title="bbox 222 2597 611 2638; baseline 0 -10"><span class='ocrx_word' id='word_1_437' title='bbox 222 2599 375 2629; x_wconf 74' lang='lat' dir='ltr'>Th&#39;Abbot</span> <span class='ocrx_word' id='word_1_438' title='bbox 392 2599 428 2638; x_wconf 92' lang='lat' dir='ltr'>of</span> <span class='ocrx_word' id='word_1_439' title='bbox 435 2597 611 2638; x_wconf 69' lang='lat' dir='ltr'>Tewexbury.</span> 
     </span>
     <span class='ocr_line' id='line_1_86' title="bbox 222 2638 522 2678; baseline -0.003 -11"><span class='ocrx_word' id='word_1_440' title='bbox 222 2638 277 2667; x_wconf 84' lang='lat' dir='ltr'>The</span> <span class='ocrx_word' id='word_1_441' title='bbox 292 2638 373 2668; x_wconf 85' lang='lat' dir='ltr'>Lord</span> <span class='ocrx_word' id='word_1_442' title='bbox 383 2638 522 2678; x_wconf 64' lang='lat' dir='ltr'>Hastings.</span> 
     </span>
    </p>
   </div>
   <div class='ocr_carea' id='block_1_17' title="bbox 225 2480 1250 2752">
    <p class='ocr_par' dir='ltr' id='par_1_29' title="bbox 738 2480 1008 2520">
     <span class='ocr_line' id='line_1_87' title="bbox 738 2480 1008 2520; baseline 0.004 -11"><span class='ocrx_word' id='word_1_443' title='bbox 738 2482 783 2510; x_wconf 87' lang='lat' dir='ltr'>Sir</span> <span class='ocrx_word' id='word_1_444' title='bbox 799 2480 913 2510; x_wconf 78' lang='lat' dir='ltr'>Thomas</span> <span class='ocrx_word' id='word_1_445' title='bbox 925 2481 1008 2520; x_wconf 83' lang='lat' dir='ltr'>Thay.</span> 
     </span>
    </p>

    <p class='ocr_par' dir='ltr' id='par_1_30' title="bbox 737 2519 1086 2559">
     <span class='ocr_line' id='line_1_88' title="bbox 737 2519 1086 2559; baseline 0.009 -12"><span class='ocrx_word' id='word_1_446' title='bbox 737 2521 781 2547; x_wconf 82' lang='lat' dir='ltr'>Sir</span> <span class='ocrx_word' id='word_1_447' title='bbox 795 2520 911 2549; x_wconf 85' lang='lat' dir='ltr'>Godard</span> <span class='ocrx_word' id='word_1_448' title='bbox 923 2519 1086 2559; x_wconf 82' lang='lat' dir='ltr'>Oxenbrige.</span> 
     </span>
    </p>

    <p class='ocr_par' dir='ltr' id='par_1_31' title="bbox 737 2557 979 2595">
     <span class='ocr_line' id='line_1_89' title="bbox 737 2557 979 2595; baseline 0.012 -9"><span class='ocrx_word' id='word_1_449' title='bbox 737 2560 781 2587; x_wconf 88' lang='lat' dir='ltr'>Sir</span> <span class='ocrx_word' id='word_1_450' title='bbox 797 2557 878 2595; x_wconf 84' lang='lat' dir='ltr'>John</span> <span class='ocrx_word' id='word_1_451' title='bbox 894 2561 979 2589; x_wconf 73' lang='lat' dir='ltr'>scott.</span> 
     </span>
    </p>

    <p class='ocr_par' dir='ltr' id='par_1_32' title="bbox 737 2596 1090 2636">
     <span class='ocr_line' id='line_1_90' title="bbox 737 2596 1090 2636; baseline 0.008 -12"><span class='ocrx_word' id='word_1_452' title='bbox 737 2599 780 2625; x_wconf 89' lang='lat' dir='ltr'>Sir</span> <span class='ocrx_word' id='word_1_453' title='bbox 795 2596 875 2634; x_wconf 84' lang='lat' dir='ltr'>John</span> <span class='ocrx_word' id='word_1_454' title='bbox 889 2596 1090 2636; x_wconf 48' lang='lat' dir='ltr'>Graynsfhrdffi·</span> 
     </span>
    </p>

    <p class='ocr_par' dir='ltr' id='par_1_33' title="bbox 737 2634 1250 2707">
     <span class='ocr_line' id='line_1_91' title="bbox 737 2634 1250 2668; baseline 0.006 -4"><span class='ocrx_word' id='word_1_455' title='bbox 737 2634 826 2665; x_wconf 86' lang='lat' dir='ltr'>With</span> <span class='ocrx_word' id='word_1_456' title='bbox 840 2634 934 2665; x_wconf 84' lang='lat' dir='ltr'>Other</span> <span class='ocrx_word' id='word_1_457' title='bbox 949 2635 1126 2666; x_wconf 87' lang='lat' dir='ltr'>Gentlemen</span> <span class='ocrx_word' id='word_1_458' title='bbox 1148 2634 1186 2666; x_wconf 89' lang='lat' dir='ltr'>of</span> <span class='ocrx_word' id='word_1_459' title='bbox 1203 2636 1250 2668; x_wconf 86' lang='lat' dir='ltr'>the</span> 
     </span>
     <span class='ocr_line' id='line_1_92' title="bbox 773 2672 1250 2707; baseline 0.008 -4"><span class='ocrx_word' id='word_1_460' title='bbox 773 2672 915 2705; x_wconf 88' lang='lat' dir='ltr'>Counties</span> <span class='ocrx_word' id='word_1_461' title='bbox 936 2674 972 2705; x_wconf 88' lang='lat' dir='ltr'>of</span> <span class='ocrx_word' id='word_1_462' title='bbox 989 2674 1067 2706; x_wconf 87' lang='lat' dir='ltr'>Kent</span> <span class='ocrx_word' id='word_1_463' title='bbox 1081 2674 1180 2707; x_wconf 81' lang='lat' dir='ltr'>Suffex</span> <span class='ocrx_word' id='word_1_464' title='bbox 1195 2677 1250 2707; x_wconf 88' lang='lat' dir='ltr'>and</span> 
     </span>
    </p>

    <p class='ocr_par' dir='ltr' id='par_1_34' title="bbox 225 2711 885 2752">
     <span class='ocr_line' id='line_1_93' title="bbox 225 2711 885 2752; baseline -0.003 -8"><span class='ocrx_word' id='word_1_465' title='bbox 225 2714 279 2743; x_wconf 84' lang='lat' dir='ltr'>The</span> <span class='ocrx_word' id='word_1_466' title='bbox 300 2715 381 2744; x_wconf 86' lang='lat' dir='ltr'>Lord</span> <span class='ocrx_word' id='word_1_467' title='bbox 394 2714 526 2744; x_wconf 80' lang='lat' dir='ltr'>Herbert.</span> <span class='ocrx_word' id='word_1_468' title='bbox 773 2711 885 2752; x_wconf 83' lang='lat' dir='ltr'>Surrey.</span> 
     </span>
    </p>
   </div>
   <div class='ocr_carea' id='block_1_18' title="bbox 224 2754 486 2784">
    <p class='ocr_par' dir='ltr' id='par_1_35' title="bbox 224 2754 486 2784">
     <span class='ocr_line' id='line_1_94' title="bbox 224 2754 486 2784; baseline -0.004 -1"><span class='ocrx_word' id='word_1_469' title='bbox 224 2754 278 2784; x_wconf 69' lang='lat' dir='ltr'>&#39;she</span> <span class='ocrx_word' id='word_1_470' title='bbox 294 2754 375 2783; x_wconf 88' lang='lat' dir='ltr'>Lord</span> <span class='ocrx_word' id='word_1_471' title='bbox 383 2757 486 2783; x_wconf 80' lang='lat' dir='ltr'>Ferres.</span> 
     </span>
    </p>
   </div>
   <div class='ocr_carea' id='block_1_19' title="bbox 181 2827 1260 2984">
    <p class='ocr_par' dir='ltr' id='par_1_36' title="bbox 181 2827 1260 2984">
     <span class='ocr_line' id='line_1_95' title="bbox 224 2827 1253 2870; baseline 0 -11"><span class='ocrx_word' id='word_1_472' title='bbox 224 2829 261 2859; x_wconf 89' lang='lat' dir='ltr'>M</span> <span class='ocrx_word' id='word_1_473' title='bbox 271 2839 389 2861; x_wconf 76' lang='lat' dir='ltr'>EMoR</span> <span class='ocrx_word' id='word_1_474' title='bbox 402 2839 422 2860; x_wconf 77' lang='lat' dir='ltr'>A</span> <span class='ocrx_word' id='word_1_475' title='bbox 433 2838 454 2860; x_wconf 78' lang='lat' dir='ltr'>N</span> <span class='ocrx_word' id='word_1_476' title='bbox 467 2838 519 2860; x_wconf 82' lang='lat' dir='ltr'>nu</span> <span class='ocrx_word' id='word_1_477' title='bbox 530 2836 575 2867; x_wconf 85' lang='lat' dir='ltr'>M,</span> <span class='ocrx_word' id='word_1_478' title='bbox 600 2828 665 2858; x_wconf 81' lang='lat' dir='ltr'>that</span> <span class='ocrx_word' id='word_1_479' title='bbox 687 2827 806 2868; x_wconf 88' lang='lat' dir='ltr'>Norrey</span> <span class='ocrx_word' id='word_1_480' title='bbox 831 2829 891 2858; x_wconf 87' lang='lat' dir='ltr'>and</span> <span class='ocrx_word' id='word_1_481' title='bbox 909 2827 1009 2859; x_wconf 88' lang='lat' dir='ltr'>Yorke</span> <span class='ocrx_word' id='word_1_482' title='bbox 1028 2839 1097 2867; x_wconf 83' lang='lat' dir='ltr'>geve</span> <span class='ocrx_word' id='word_1_483' title='bbox 1114 2830 1253 2870; x_wconf 76' lang='lat' dir='ltr'>Warnyng</span> 
     </span>
     <span class='ocr_line' id='line_1_96' title="bbox 188 2867 1250 2910; baseline 0.002 -14"><span class='ocrx_word' id='word_1_484' title='bbox 188 2875 216 2897; x_wconf 84' lang='lat' dir='ltr'>to</span> <span class='ocrx_word' id='word_1_485' title='bbox 237 2868 278 2897; x_wconf 88' lang='lat' dir='ltr'>all</span> <span class='ocrx_word' id='word_1_486' title='bbox 297 2868 342 2898; x_wconf 83' lang='lat' dir='ltr'>the</span> <span class='ocrx_word' id='word_1_487' title='bbox 359 2867 426 2906; x_wconf 79' lang='lat' dir='ltr'>fizid</span> <span class='ocrx_word' id='word_1_488' title='bbox 444 2867 547 2898; x_wconf 86' lang='lat' dir='ltr'>Nobles</span> <span class='ocrx_word' id='word_1_489' title='bbox 572 2868 631 2897; x_wconf 78' lang='lat' dir='ltr'>and</span> <span class='ocrx_word' id='word_1_490' title='bbox 649 2867 738 2897; x_wconf 74' lang='lat' dir='ltr'>others</span> <span class='ocrx_word' id='word_1_491' title='bbox 761 2874 790 2896; x_wconf 81' lang='lat' dir='ltr'>to</span> <span class='ocrx_word' id='word_1_492' title='bbox 811 2878 880 2903; x_wconf 84' lang='lat' dir='ltr'>geve</span> <span class='ocrx_word' id='word_1_493' title='bbox 897 2867 1094 2897; x_wconf 65' lang='lat' dir='ltr'>Attendamus</span> <span class='ocrx_word' id='word_1_494' title='bbox 1116 2876 1183 2907; x_wconf 82' lang='lat' dir='ltr'>upon</span> <span class='ocrx_word' id='word_1_495' title='bbox 1209 2880 1250 2910; x_wconf 87' lang='lat' dir='ltr'>my</span> 
     </span>
     <span class='ocr_line' id='line_1_97' title="bbox 181 2905 1260 2984; baseline 0.001 -48"><span class='ocrx_word' id='word_1_496' title='bbox 181 2906 259 2984; x_wconf 33' lang='lat' dir='ltr'>aaliz</span> <span class='ocrx_word' id='word_1_497' title='bbox 269 2908 349 2936; x_wconf 88' lang='lat' dir='ltr'>Lord</span> <span class='ocrx_word' id='word_1_498' title='bbox 360 2909 466 2944; x_wconf 85' lang='lat' dir='ltr'>Legate</span> <span class='ocrx_word' id='word_1_499' title='bbox 481 2913 513 2935; x_wconf 82' lang='lat' dir='ltr'>at</span> <span class='ocrx_word' id='word_1_500' title='bbox 537 2905 722 2944; x_wconf 79' lang='lat' dir='ltr'>Caunterbury</span> <span class='ocrx_word' id='word_1_501' title='bbox 752 2916 786 2936; x_wconf 87' lang='lat' dir='ltr'>on</span> <span class='ocrx_word' id='word_1_502' title='bbox 809 2906 949 2946; x_wconf 76' lang='lat' dir='ltr'>Saturday</span> <span class='ocrx_word' id='word_1_503' title='bbox 972 2905 1019 2936; x_wconf 82' lang='lat' dir='ltr'>the</span> <span class='ocrx_word' id='word_1_504' title='bbox 1041 2911 1118 2936; x_wconf 78' lang='lat' dir='ltr'>xxiv</span> <span class='ocrx_word' id='word_1_505' title='bbox 1138 2910 1202 2948; x_wconf 82' lang='lat' dir='ltr'>Day</span> <span class='ocrx_word' id='word_1_506' title='bbox 1224 2907 1260 2947; x_wconf 85' lang='lat' dir='ltr'>of</span> 
     </span>
    </p>
   </div>
   <div class='ocr_carea' id='block_1_20' title="bbox 1139 3034 1254 3039">
    <p class='ocr_par' dir='ltr' id='par_1_37' title="bbox 1139 3034 1254 3039">
     <span class='ocr_line' id='line_1_98' title="bbox 1139 3034 1254 3039; baseline 0 0"><span class='ocrx_word' id='word_1_507' title='bbox 1139 3034 1254 3039; x_wconf 95' lang='lat' dir='ltr'> </span> 
     </span>
    </p>
   </div>
   <div class='ocr_carea' id='block_1_21' title="bbox 195 3079 1258 3176">
    <p class='ocr_par' dir='ltr' id='par_1_38' title="bbox 195 3079 1258 3176">
     <span class='ocr_line' id='line_1_99' title="bbox 195 3079 1258 3132; baseline 0.006 -20"><span class='ocrx_word' id='word_1_508' title='bbox 195 3081 222 3108; x_wconf 58' lang='grc' dir='ltr'>δὲ</span> <span class='ocrx_word' id='word_1_509' title='bbox 249 3079 399 3127; x_wconf 74' lang='lat' dir='ltr'>Affignati</span> <span class='ocrx_word' id='word_1_510' title='bbox 432 3083 463 3113; x_wconf 76' lang='lat' dir='ltr'>in</span> <span class='ocrx_word' id='word_1_511' title='bbox 480 3079 630 3115; x_wconf 81' lang='lat' dir='ltr'>Adventu</span> <span class='ocrx_word' id='word_1_512' title='bbox 648 3084 860 3127; x_wconf 83' lang='lat' dir='ltr'>Imperatoris,</span> <span class='ocrx_word' id='word_1_513' title='bbox 887 3080 933 3115; x_wconf 85' lang='lat' dir='ltr'>ad</span> <span class='ocrx_word' id='word_1_514' title='bbox 957 3079 1169 3116; x_wconf 83' lang='lat' dir='ltr'>intendendum</span> <span class='ocrx_word' id='word_1_515' title='bbox 1185 3086 1258 3132; x_wconf 75' lang='lat' dir='ltr'>Regi</span> 
     </span>
     <span class='ocr_line' id='line_1_100' title="bbox 272 3129 1173 3176; baseline 0.003 -14"><span class='ocrx_word' id='word_1_516' title='bbox 272 3131 407 3173; x_wconf 70' lang='lat' dir='ltr'>viccfimo</span> <span class='ocrx_word' id='word_1_517' title='bbox 416 3130 541 3176; x_wconf 78' lang='lat' dir='ltr'>ftptimo</span> <span class='ocrx_word' id='word_1_518' title='bbox 561 3129 608 3162; x_wconf 86' lang='lat' dir='ltr'>die</span> <span class='ocrx_word' id='word_1_519' title='bbox 624 3130 735 3173; x_wconf 79' lang='lat' dir='ltr'>Mensis</span> <span class='ocrx_word' id='word_1_520' title='bbox 751 3133 839 3163; x_wconf 85' lang='lat' dir='ltr'>Maii</span> <span class='ocrx_word' id='word_1_521' title='bbox 857 3129 939 3176; x_wconf 81' lang='lat' dir='ltr'>apud</span> <span class='ocrx_word' id='word_1_522' title='bbox 957 3133 1173 3166; x_wconf 81' lang='lat' dir='ltr'>Cantuariam.</span> 
     </span>
    </p>
   </div>
   <div class='ocr_carea' id='block_1_22' title="bbox 750 3222 1195 3342">
    <p class='ocr_par' dir='ltr' id='par_1_39' title="bbox 750 3222 1195 3342">
     <span class='ocr_line' id='line_1_101' title="bbox 750 3222 1195 3263; baseline 0.011 -11"><span class='ocrx_word' id='word_1_523' title='bbox 750 3223 868 3253; x_wconf 84' lang='lat' dir='ltr'>Th’Erle</span> <span class='ocrx_word' id='word_1_524' title='bbox 884 3222 919 3263; x_wconf 87' lang='lat' dir='ltr'>of</span> <span class='ocrx_word' id='word_1_525' title='bbox 928 3226 1195 3258; x_wconf 79' lang='lat' dir='ltr'>Northumberland.</span> 
     </span>
     <span class='ocr_line' id='line_1_102' title="bbox 750 3262 1130 3306; baseline 0.016 -15"><span class='ocrx_word' id='word_1_526' title='bbox 750 3262 871 3292; x_wconf 75' lang='lat' dir='ltr'>Th‘Erle</span> <span class='ocrx_word' id='word_1_527' title='bbox 885 3262 1130 3306; x_wconf 79' lang='lat' dir='ltr'>ofShrewesbury.</span> 
     </span>
     <span class='ocr_line' id='line_1_103' title="bbox 750 3300 1022 3342; baseline 0.018 -13"><span class='ocrx_word' id='word_1_528' title='bbox 750 3300 871 3330; x_wconf 83' lang='lat' dir='ltr'>Th&#39;Erle</span> <span class='ocrx_word' id='word_1_529' title='bbox 886 3300 1022 3342; x_wconf 78' lang='lat' dir='ltr'>ofEffix.</span> 
     </span>
    </p>
   </div>
   <div class='ocr_carea' id='block_1_23' title="bbox 201 3221 712 3340">
    <p class='ocr_par' dir='ltr' id='par_1_40' title="bbox 201 3221 712 3340">
     <span class='ocr_line' id='line_1_104' title="bbox 201 3221 712 3303; baseline -0.002 -48"><span class='ocrx_word' id='word_1_530' title='bbox 201 3227 251 3281; x_wconf 85' lang='lat' dir='ltr'>T</span> <span class='ocrx_word' id='word_1_531' title='bbox 263 3228 294 3254; x_wconf 89' lang='lat' dir='ltr'>H</span> <span class='ocrx_word' id='word_1_532' title='bbox 302 3221 534 3303; x_wconf 44' lang='lat' dir='ltr'>Ebu‘ffhebffop</span> <span class='ocrx_word' id='word_1_533' title='bbox 551 3222 586 3262; x_wconf 81' lang='lat' dir='ltr'>of</span> <span class='ocrx_word' id='word_1_534' title='bbox 595 3226 712 3254; x_wconf 77' lang='lat' dir='ltr'>Canter-</span> 
     </span>
     <span class='ocr_line' id='line_1_105' title="bbox 237 3299 555 3340; baseline -0.009 -8"><span class='ocrx_word' id='word_1_535' title='bbox 237 3302 292 3332; x_wconf 80' lang='lat' dir='ltr'>The</span> <span class='ocrx_word' id='word_1_536' title='bbox 308 3302 389 3332; x_wconf 82' lang='lat' dir='ltr'>Duke</span> <span class='ocrx_word' id='word_1_537' title='bbox 404 3300 439 3340; x_wconf 72' lang='lat' dir='ltr'>af</span> <span class='ocrx_word' id='word_1_538' title='bbox 446 3299 555 3339; x_wconf 84' lang='lat' dir='ltr'>Suffolk.</span> 
     </span>
    </p>
   </div>
   <div class='ocr_carea' id='block_1_24' title="bbox 238 3338 1075 3493">
    <p class='ocr_par' dir='ltr' id='par_1_41' title="bbox 238 3338 1075 3493">
     <span class='ocr_line' id='line_1_106' title="bbox 238 3338 1039 3380; baseline 0.001 -9"><span class='ocrx_word' id='word_1_539' title='bbox 238 3343 295 3371; x_wconf 85' lang='lat' dir='ltr'>The</span> <span class='ocrx_word' id='word_1_540' title='bbox 310 3339 406 3380; x_wconf 77' lang='lat' dir='ltr'>BJfhop</span> <span class='ocrx_word' id='word_1_541' title='bbox 420 3339 454 3380; x_wconf 82' lang='lat' dir='ltr'>of</span> <span class='ocrx_word' id='word_1_542' title='bbox 465 3338 607 3380; x_wconf 82' lang='lat' dir='ltr'>Durefine.</span> <span class='ocrx_word' id='word_1_543' title='bbox 751 3339 872 3369; x_wconf 79' lang='lat' dir='ltr'>Th&#39;Erle</span> <span class='ocrx_word' id='word_1_544' title='bbox 885 3338 921 3377; x_wconf 88' lang='lat' dir='ltr'>⁰f</span> <span class='ocrx_word' id='word_1_545' title='bbox 929 3343 1039 3372; x_wconf 85' lang='lat' dir='ltr'>Devon.</span> 
     </span>
     <span class='ocr_line' id='line_1_107' title="bbox 745 3376 1075 3419; baseline 0.012 -12"><span class='ocrx_word' id='word_1_546' title='bbox 745 3376 864 3408; x_wconf 81' lang='lat' dir='ltr'>Th’Erle</span> <span class='ocrx_word' id='word_1_547' title='bbox 879 3378 914 3419; x_wconf 85' lang='lat' dir='ltr'>of</span> <span class='ocrx_word' id='word_1_548' title='bbox 923 3380 1075 3419; x_wconf 75' lang='lat' dir='ltr'>Worcestre.</span> 
     </span>
     <span class='ocr_line' id='line_1_108' title="bbox 662 3454 791 3493; baseline -0.016 -7"><span class='ocrx_word' id='word_1_549' title='bbox 662 3454 791 3493; x_wconf 79' lang='lat' dir='ltr'>Biihops.</span> 
     </span>
    </p>
   </div>
   <div class='ocr_carea' id='block_1_25' title="bbox 236 3528 1134 3608">
    <p class='ocr_par' dir='ltr' id='par_1_42' title="bbox 236 3528 1134 3608">
     <span class='ocr_line' id='line_1_109' title="bbox 238 3528 1134 3574; baseline 0.004 -13"><span class='ocrx_word' id='word_1_550' title='bbox 238 3531 293 3561; x_wconf 79' lang='lat' dir='ltr'>The</span> <span class='ocrx_word' id='word_1_551' title='bbox 321 3528 414 3567; x_wconf 66' lang='lat' dir='ltr'>Bishop</span> <span class='ocrx_word' id='word_1_552' title='bbox 429 3530 462 3569; x_wconf 72' lang='lat' dir='ltr'>‘ff</span> <span class='ocrx_word' id='word_1_553' title='bbox 473 3531 535 3573; x_wconf 78' lang='lat' dir='ltr'><em>Ely.</em></span> <span class='ocrx_word' id='word_1_554' title='bbox 750 3530 806 3561; x_wconf 85' lang='lat' dir='ltr'>The</span> <span class='ocrx_word' id='word_1_555' title='bbox 822 3531 919 3571; x_wconf 81' lang='lat' dir='ltr'>Bishop</span> <span class='ocrx_word' id='word_1_556' title='bbox 940 3532 977 3572; x_wconf 82' lang='lat' dir='ltr'>of</span> <span class='ocrx_word' id='word_1_557' title='bbox 986 3533 1134 3574; x_wconf 81' lang='lat' dir='ltr'>Rochester.</span> 
     </span>
     <span class='ocr_line' id='line_1_110' title="bbox 236 3567 596 3608; baseline 0.006 -8"><span class='ocrx_word' id='word_1_558' title='bbox 236 3570 291 3601; x_wconf 87' lang='lat' dir='ltr'>The</span> <span class='ocrx_word' id='word_1_559' title='bbox 312 3567 406 3607; x_wconf 77' lang='lat' dir='ltr'>Bfhop</span> <span class='ocrx_word' id='word_1_560' title='bbox 426 3569 461 3608; x_wconf 81' lang='lat' dir='ltr'>of</span> <span class='ocrx_word' id='word_1_561' title='bbox 474 3571 596 3602; x_wconf 83' lang='lat' dir='ltr'>Lincoln.</span> 
     </span>
    </p>
   </div>
   <div class='ocr_carea' id='block_1_26' title="bbox 667 3646 783 3678">
    <p class='ocr_par' dir='ltr' id='par_1_43' title="bbox 667 3646 783 3678">
     <span class='ocr_line' id='line_1_111' title="bbox 667 3646 783 3678; baseline -0.017 0"><span class='ocrx_word' id='word_1_562' title='bbox 667 3646 783 3678; x_wconf 88' lang='lat' dir='ltr'>Barons.</span> 
     </span>
    </p>
   </div>
   <div class='ocr_carea' id='block_1_27' title="bbox 239 3720 649 3759">
    <p class='ocr_par' dir='ltr' id='par_1_44' title="bbox 239 3720 649 3759">
     <span class='ocr_line' id='line_1_112' title="bbox 239 3720 649 3759; baseline 0.002 -8"><span class='ocrx_word' id='word_1_563' title='bbox 239 3722 293 3752; x_wconf 85' lang='lat' dir='ltr'>The</span> <span class='ocrx_word' id='word_1_564' title='bbox 311 3722 390 3751; x_wconf 77' lang='lat' dir='ltr'>Lord</span> <span class='ocrx_word' id='word_1_565' title='bbox 400 3720 434 3757; x_wconf 75' lang='lat' dir='ltr'>of</span> <span class='ocrx_word' id='word_1_566' title='bbox 447 3724 527 3751; x_wconf 79' lang='lat' dir='ltr'>Saint</span> <span class='ocrx_word' id='word_1_567' title='bbox 549 3721 649 3759; x_wconf 78' lang='lat' dir='ltr'>Johns.</span> 
     </span>
    </p>
   </div>
   <div class='ocr_carea' id='block_1_28' title="bbox 241 3724 1103 3790">
    <p class='ocr_par' dir='ltr' id='par_1_45' title="bbox 241 3724 1103 3790">
     <span class='ocr_line' id='line_1_113' title="bbox 406 3724 1103 3762; baseline 0.006 -10"><span class='ocrx_word' id='word_1_568' title='bbox 406 3757 415 3761; x_wconf 31' lang='lat'><strong>⁴</strong></span> <span class='ocrx_word' id='word_1_569' title='bbox 749 3724 806 3754; x_wconf 79' lang='lat' dir='ltr'>The</span> <span class='ocrx_word' id='word_1_570' title='bbox 825 3725 907 3754; x_wconf 80' lang='lat' dir='ltr'>Lord</span> <span class='ocrx_word' id='word_1_571' title='bbox 925 3726 1103 3762; x_wconf 66' lang='lat' dir='ltr'>Iliountague:</span> 
     </span>
     <span class='ocr_line' id='line_1_114' title="bbox 241 3761 582 3790; baseline 0 -1"><span class='ocrx_word' id='word_1_572' title='bbox 241 3761 296 3789; x_wconf 77' lang='lat' dir='ltr'>The</span> <span class='ocrx_word' id='word_1_573' title='bbox 314 3762 391 3790; x_wconf 83' lang='lat' dir='ltr'>Lord</span> <span class='ocrx_word' id='word_1_574' title='bbox 410 3764 582 3790; x_wconf 79' lang='lat' dir='ltr'>Fitzwaren.</span> 
     </span>
    </p>
   </div>
   <div class='ocr_carea' id='block_1_29' title="bbox 748 3764 1220 3834">
    <p class='ocr_par' dir='ltr' id='par_1_46' title="bbox 748 3764 1220 3834">
     <span class='ocr_line' id='line_1_115' title="bbox 750 3764 1220 3830; baseline 0.013 -39"><span class='ocrx_word' id='word_1_575' title='bbox 750 3766 801 3830; x_wconf 52' lang='lat' dir='ltr'>A?</span> <span class='ocrx_word' id='word_1_576' title='bbox 825 3764 916 3792; x_wconf 85' lang='lat' dir='ltr'>Lorde</span> <span class='ocrx_word' id='word_1_577' title='bbox 932 3767 1065 3804; x_wconf 82' lang='lat' dir='ltr'>Marques</span> <span class='ocrx_word' id='word_1_578' title='bbox 1088 3765 1220 3798; x_wconf 77' lang='lat' dir='ltr'>Bredern.</span> 
     </span>
     <span class='ocr_line' id='line_1_116' title="bbox 748 3802 1094 3834; baseline 0.012 -4"><span class='ocrx_word' id='word_1_579' title='bbox 748 3805 805 3831; x_wconf 74' lang='lat' dir='ltr'>Tse</span> <span class='ocrx_word' id='word_1_580' title='bbox 824 3802 904 3831; x_wconf 83' lang='lat' dir='ltr'>Lord</span> <span class='ocrx_word' id='word_1_581' title='bbox 918 3805 1094 3834; x_wconf 65' lang='lat' dir='ltr'>Matraven.</span> 
     </span>
    </p>
   </div>
   <div class='ocr_carea' id='block_1_30' title="bbox 556 3840 1020 3953">
    <p class='ocr_par' dir='ltr' id='par_1_47' title="bbox 556 3840 1020 3953">
     <span class='ocr_line' id='line_1_117' title="bbox 748 3840 1020 3876; baseline 0.004 -7"><span class='ocrx_word' id='word_1_582' title='bbox 748 3840 803 3870; x_wconf 86' lang='lat' dir='ltr'>The</span> <span class='ocrx_word' id='word_1_583' title='bbox 820 3841 901 3870; x_wconf 88' lang='lat' dir='ltr'>Lord</span> <span class='ocrx_word' id='word_1_584' title='bbox 913 3840 1020 3876; x_wconf 78' lang='lat' dir='ltr'>Talbot.</span> 
     </span>
     <span class='ocr_line' id='line_1_118' title="bbox 556 3913 915 3953; baseline 0.008 -9"><span class='ocrx_word' id='word_1_585' title='bbox 556 3913 681 3953; x_wconf 84' lang='lat' dir='ltr'>Knights</span> <span class='ocrx_word' id='word_1_586' title='bbox 696 3916 733 3946; x_wconf 90' lang='lat' dir='ltr'>of</span> <span class='ocrx_word' id='word_1_587' title='bbox 745 3916 793 3947; x_wconf 85' lang='lat' dir='ltr'>the</span> <span class='ocrx_word' id='word_1_588' title='bbox 810 3916 915 3947; x_wconf 84' lang='lat' dir='ltr'>Order.</span> 
     </span>
    </p>
   </div>
   <div class='ocr_carea' id='block_1_31' title="bbox 241 3796 706 3867">
    <p class='ocr_par' dir='ltr' id='par_1_48' title="bbox 241 3796 706 3867">
     <span class='ocr_line' id='line_1_119' title="bbox 242 3796 706 3836; baseline 0.009 -9"><span class='ocrx_word' id='word_1_589' title='bbox 242 3799 297 3827; x_wconf 67' lang='lat' dir='ltr'>The</span> <span class='ocrx_word' id='word_1_590' title='bbox 312 3801 390 3828; x_wconf 86' lang='lat' dir='ltr'>Lord</span> <span class='ocrx_word' id='word_1_591' title='bbox 396 3803 499 3828; x_wconf 82' lang='lat' dir='ltr'>Dacres</span> <span class='ocrx_word' id='word_1_592' title='bbox 511 3796 593 3836; x_wconf 81' lang='lat' dir='ltr'>ofthe</span> <span class='ocrx_word' id='word_1_593' title='bbox 602 3800 706 3831; x_wconf 82' lang='lat' dir='ltr'>Southe.</span> 
     </span>
     <span class='ocr_line' id='line_1_120' title="bbox 241 3837 531 3867; baseline 0.003 -3"><span class='ocrx_word' id='word_1_594' title='bbox 241 3837 297 3865; x_wconf 78' lang='lat' dir='ltr'>The</span> <span class='ocrx_word' id='word_1_595' title='bbox 312 3839 390 3866; x_wconf 84' lang='lat' dir='ltr'>Lora&#39;</span> <span class='ocrx_word' id='word_1_596' title='bbox 405 3837 531 3867; x_wconf 83' lang='lat' dir='ltr'>Cobham.</span> 
     </span>
    </p>
   </div>
   <div class='ocr_carea' id='block_1_32' title="bbox 238 3991 1073 4033">
    <p class='ocr_par' dir='ltr' id='par_1_49' title="bbox 238 3991 1073 4033">
     <span class='ocr_line' id='line_1_121' title="bbox 238 3991 1073 4033; baseline 0.006 -14"><span class='ocrx_word' id='word_1_597' title='bbox 238 3992 281 4020; x_wconf 75' lang='lat' dir='ltr'>Sir</span> <span class='ocrx_word' id='word_1_598' title='bbox 297 3991 391 4030; x_wconf 80' lang='lat' dir='ltr'>Henry</span> <span class='ocrx_word' id='word_1_599' title='bbox 404 3992 532 4029; x_wconf 74' lang='lat' dir='ltr'>Marney.</span> <span class='ocrx_word' id='word_1_600' title='bbox 753 3995 796 4023; x_wconf 82' lang='lat' dir='ltr'>Sir</span> <span class='ocrx_word' id='word_1_601' title='bbox 811 3996 878 4023; x_wconf 82' lang='lat' dir='ltr'>Rece</span> <span class='ocrx_word' id='word_1_602' title='bbox 896 4002 929 4033; x_wconf 85' lang='lat' dir='ltr'>ap</span> <span class='ocrx_word' id='word_1_603' title='bbox 948 3993 1073 4024; x_wconf 82' lang='lat' dir='ltr'>Thomas.</span> 
     </span>
    </p>
   </div>
   <div class='ocr_carea' id='block_1_33' title="bbox 659 97 1461 147">
    <p class='ocr_par' dir='ltr' id='par_1_50' title="bbox 659 97 1461 147">
     <span class='ocr_line' id='line_1_122' title="bbox 659 97 1461 147; baseline -0.004 -4"><span class='ocrx_word' id='word_1_604' title='bbox 659 97 1461 147; x_wconf 88' lang='lat' dir='ltr'>CONVENTIONES,</span> 
     </span>
    </p>
   </div>
   <div class='ocr_carea' id='block_1_34' title="bbox 1268 858 1695 900">
    <p class='ocr_par' dir='ltr' id='par_1_51' title="bbox 1268 858 1695 900">
     <span class='ocr_line' id='line_1_123' title="bbox 1268 858 1695 900; baseline 0.012 -13"><span class='ocrx_word' id='word_1_605' title='bbox 1268 876 1270 879; x_wconf 92' lang='lat'><em>-</em></span> <span class='ocrx_word' id='word_1_606' title='bbox 1331 861 1376 888; x_wconf 83' lang='lat' dir='ltr'>Sir</span> <span class='ocrx_word' id='word_1_607' title='bbox 1421 858 1472 889; x_wconf 83' lang='lat' dir='ltr'>ohn</span> <span class='ocrx_word' id='word_1_608' title='bbox 1492 860 1695 900; x_wconf 81' lang='lat' dir='ltr'>Hcynyngham.</span> 
     </span>
    </p>
   </div>
   <div class='ocr_carea' id='block_1_35' title="bbox 1516 98 1909 152">
    <p class='ocr_par' dir='ltr' id='par_1_52' title="bbox 1516 98 1909 152">
     <span class='ocr_line' id='line_1_124' title="bbox 1516 98 1909 152; baseline 0.008 -12"><span class='ocrx_word' id='word_1_609' title='bbox 1516 98 1909 152; x_wconf 86' lang='lat' dir='ltr'>LITERAE,</span> 
     </span>
    </p>
   </div>
   <div class='ocr_carea' id='block_1_36' title="bbox 1751 185 1888 226">
    <p class='ocr_par' dir='ltr' id='par_1_53' title="bbox 1751 185 1888 226">
     <span class='ocr_line' id='line_1_125' title="bbox 1751 185 1888 226; baseline 0.007 -8"><span class='ocrx_word' id='word_1_610' title='bbox 1751 185 1888 226; x_wconf 84' lang='lat' dir='ltr'>Knights.</span> 
     </span>
    </p>
   </div>
   <div class='ocr_carea' id='block_1_37' title="bbox 1838 245 2152 325">
    <p class='ocr_par' dir='ltr' id='par_1_54' title="bbox 1838 245 2152 325">
     <span class='ocr_line' id='line_1_126' title="bbox 1838 245 2096 289; baseline 0 -11"><span class='ocrx_word' id='word_1_611' title='bbox 1838 251 1883 278; x_wconf 79' lang='lat' dir='ltr'>Sir</span> <span class='ocrx_word' id='word_1_612' title='bbox 1899 245 1984 286; x_wconf 87' lang='lat' dir='ltr'>John</span> <span class='ocrx_word' id='word_1_613' title='bbox 2001 246 2096 289; x_wconf 70' lang='lat' dir='ltr'>Huſjj.</span> 
     </span>
     <span class='ocr_line' id='line_1_127' title="bbox 1839 285 2152 325; baseline 0.003 -9"><span class='ocrx_word' id='word_1_614' title='bbox 1839 289 1885 316; x_wconf 84' lang='lat' dir='ltr'>Sir</span> <span class='ocrx_word' id='word_1_615' title='bbox 1905 285 2033 316; x_wconf 68' lang='lat' dir='ltr'>W&#39;illiam</span> <span class='ocrx_word' id='word_1_616' title='bbox 2051 285 2152 325; x_wconf 79' lang='lat' dir='ltr'>Afiue.</span> 
     </span>
    </p>
   </div>
   <div class='ocr_carea' id='block_1_38' title="bbox 1838 322 2223 1017">
    <p class='ocr_par' dir='ltr' id='par_1_55' title="bbox 1838 322 2223 394">
     <span class='ocr_line' id='line_1_128' title="bbox 1838 322 2223 368; baseline 0.008 -14"><span class='ocrx_word' id='word_1_617' title='bbox 1838 326 1883 354; x_wconf 89' lang='lat' dir='ltr'>Sir</span> <span class='ocrx_word' id='word_1_618' title='bbox 1901 322 2044 363; x_wconf 70' lang='lat' dir='ltr'>Christofer</span> <span class='ocrx_word' id='word_1_619' title='bbox 2059 325 2223 368; x_wconf 73' lang='lat' dir='ltr'>Willougby.</span> 
     </span>
     <span class='ocr_line' id='line_1_129' title="bbox 1841 360 2149 394; baseline 0.01 -3"><span class='ocrx_word' id='word_1_620' title='bbox 1841 365 1886 392; x_wconf 85' lang='lat' dir='ltr'>Sir</span> <span class='ocrx_word' id='word_1_621' title='bbox 1903 360 2035 392; x_wconf 82' lang='lat' dir='ltr'>Edward</span> <span class='ocrx_word' id='word_1_622' title='bbox 2047 366 2149 394; x_wconf 85' lang='lat' dir='ltr'>Ferres.</span> 
     </span>
    </p>

    <p class='ocr_par' dir='ltr' id='par_1_56' title="bbox 1843 399 2186 519">
     <span class='ocr_line' id='line_1_130' title="bbox 1843 399 2186 443; baseline 0.009 -13"><span class='ocrx_word' id='word_1_623' title='bbox 1843 403 1888 430; x_wconf 80' lang='lat' dir='ltr'>Sir</span> <span class='ocrx_word' id='word_1_624' title='bbox 1905 399 1986 439; x_wconf 73' lang='lat' dir='ltr'>John</span> <span class='ocrx_word' id='word_1_625' title='bbox 2003 400 2186 443; x_wconf 78' lang='lat' dir='ltr'>Willoughby.</span> 
     </span>
     <span class='ocr_line' id='line_1_131' title="bbox 1843 439 2175 481; baseline 0.012 -13"><span class='ocrx_word' id='word_1_626' title='bbox 1843 442 1888 469; x_wconf 83' lang='lat' dir='ltr'>Sir</span> <span class='ocrx_word' id='word_1_627' title='bbox 1905 439 2037 469; x_wconf 76' lang='lat' dir='ltr'>Edward</span> <span class='ocrx_word' id='word_1_628' title='bbox 2051 441 2175 481; x_wconf 77' lang='lat' dir='ltr'>Gryvile.</span> 
     </span>
     <span class='ocr_line' id='line_1_132' title="bbox 1843 477 2123 519; baseline 0 -12"><span class='ocrx_word' id='word_1_629' title='bbox 1843 481 1889 508; x_wconf 78' lang='lat' dir='ltr'>Sir</span> <span class='ocrx_word' id='word_1_630' title='bbox 1908 477 2023 508; x_wconf 84' lang='lat' dir='ltr'>Thomas</span> <span class='ocrx_word' id='word_1_631' title='bbox 2040 480 2123 519; x_wconf 78' lang='lat' dir='ltr'>Lucy.</span> 
     </span>
    </p>

    <p class='ocr_par' dir='ltr' id='par_1_57' title="bbox 1844 515 2181 594">
     <span class='ocr_line' id='line_1_133' title="bbox 1844 515 2181 549; baseline 0.012 -4"><span class='ocrx_word' id='word_1_632' title='bbox 1844 519 1890 546; x_wconf 88' lang='lat' dir='ltr'>Sir</span> <span class='ocrx_word' id='word_1_633' title='bbox 1908 515 2030 546; x_wconf 86' lang='lat' dir='ltr'>Rondull</span> <span class='ocrx_word' id='word_1_634' title='bbox 2040 519 2181 549; x_wconf 81' lang='lat' dir='ltr'>Brereton.</span> 
     </span>
     <span class='ocr_line' id='line_1_134' title="bbox 1845 553 2144 594; baseline 0.01 -10"><span class='ocrx_word' id='word_1_635' title='bbox 1845 558 1890 584; x_wconf 88' lang='lat' dir='ltr'>Sir</span> <span class='ocrx_word' id='word_1_636' title='bbox 1908 553 2002 594; x_wconf 73' lang='lat' dir='ltr'>Rauff</span> <span class='ocrx_word' id='word_1_637' title='bbox 2014 557 2144 592; x_wconf 82' lang='lat' dir='ltr'>Egerton.</span> 
     </span>
    </p>

    <p class='ocr_par' dir='ltr' id='par_1_58' title="bbox 1845 595 2111 634">
     <span class='ocr_line' id='line_1_135' title="bbox 1845 595 2111 634; baseline 0.004 -13"><span class='ocrx_word' id='word_1_638' title='bbox 1845 596 1890 622; x_wconf 87' lang='lat' dir='ltr'>Sir</span> <span class='ocrx_word' id='word_1_639' title='bbox 1907 596 2000 634; x_wconf 84' lang='lat' dir='ltr'>Henry</span> <span class='ocrx_word' id='word_1_640' title='bbox 2022 595 2111 630; x_wconf 39' lang='lat' dir='ltr'>Wrat.</span> 
     </span>
    </p>

    <p class='ocr_par' dir='ltr' id='par_1_59' title="bbox 1844 630 2162 748">
     <span class='ocr_line' id='line_1_136' title="bbox 1844 630 2161 663; baseline 0.006 -2"><span class='ocrx_word' id='word_1_641' title='bbox 1844 635 1889 661; x_wconf 85' lang='lat' dir='ltr'>Sir</span> <span class='ocrx_word' id='word_1_642' title='bbox 1907 631 2022 662; x_wconf 83' lang='lat' dir='ltr'>Thomas</span> <span class='ocrx_word' id='word_1_643' title='bbox 2046 630 2161 663; x_wconf 85' lang='lat' dir='ltr'>Nevell.</span> 
     </span>
     <span class='ocr_line' id='line_1_137' title="bbox 1845 669 2162 701; baseline 0.003 -1"><span class='ocrx_word' id='word_1_644' title='bbox 1845 673 1889 700; x_wconf 87' lang='lat' dir='ltr'>Sir</span> <span class='ocrx_word' id='word_1_645' title='bbox 1903 669 2034 700; x_wconf 84' lang='lat' dir='ltr'>Edward</span> <span class='ocrx_word' id='word_1_646' title='bbox 2048 669 2162 701; x_wconf 84' lang='lat' dir='ltr'>Nevell.</span> 
     </span>
     <span class='ocr_line' id='line_1_138' title="bbox 1847 709 2121 748; baseline 0.004 -9"><span class='ocrx_word' id='word_1_647' title='bbox 1847 712 1893 747; x_wconf 86' lang='lat' dir='ltr'>Sip</span> <span class='ocrx_word' id='word_1_648' title='bbox 1911 709 2027 748; x_wconf 70' lang='lat' dir='ltr'>Griffi&#39;th</span> <span class='ocrx_word' id='word_1_649' title='bbox 2047 712 2121 740; x_wconf 87' lang='lat' dir='ltr'>Don.</span> 
     </span>
    </p>

    <p class='ocr_par' dir='ltr' id='par_1_60' title="bbox 1848 747 2126 788">
     <span class='ocr_line' id='line_1_139' title="bbox 1848 747 2126 788; baseline 0.007 -11"><span class='ocrx_word' id='word_1_650' title='bbox 1848 751 1892 777; x_wconf 86' lang='lat' dir='ltr'>Sir</span> <span class='ocrx_word' id='word_1_651' title='bbox 1910 750 2009 786; x_wconf 83' lang='lat' dir='ltr'>George</span> <span class='ocrx_word' id='word_1_652' title='bbox 2026 747 2126 788; x_wconf 83' lang='lat' dir='ltr'>Foster.</span> 
     </span>
    </p>

    <p class='ocr_par' dir='ltr' id='par_1_61' title="bbox 1847 785 2156 825">
     <span class='ocr_line' id='line_1_140' title="bbox 1847 785 2156 825; baseline 0.006 -10"><span class='ocrx_word' id='word_1_653' title='bbox 1847 790 1892 816; x_wconf 81' lang='lat' dir='ltr'>Sir</span> <span class='ocrx_word' id='word_1_654' title='bbox 1907 785 1989 825; x_wconf 86' lang='lat' dir='ltr'>John</span> <span class='ocrx_word' id='word_1_655' title='bbox 2007 786 2156 817; x_wconf 80' lang='lat' dir='ltr'>Mordant.</span> 
     </span>
    </p>

    <p class='ocr_par' dir='ltr' id='par_1_62' title="bbox 1846 824 2178 904">
     <span class='ocr_line' id='line_1_141' title="bbox 1846 824 2178 865; baseline 0.003 -11"><span class='ocrx_word' id='word_1_656' title='bbox 1846 827 1890 854; x_wconf 82' lang='lat' dir='ltr'>Sir</span> <span class='ocrx_word' id='word_1_657' title='bbox 1911 824 2035 855; x_wconf 82' lang='lat' dir='ltr'>William</span> <span class='ocrx_word' id='word_1_658' title='bbox 2049 824 2178 865; x_wconf 59' lang='lat' dir='ltr'>Gasc&#39;ojfn.</span> 
     </span>
     <span class='ocr_line' id='line_1_142' title="bbox 1846 863 2094 904; baseline 0.012 -12"><span class='ocrx_word' id='word_1_659' title='bbox 1846 866 1890 893; x_wconf 85' lang='lat' dir='ltr'>Sir</span> <span class='ocrx_word' id='word_1_660' title='bbox 1906 863 1986 902; x_wconf 88' lang='lat' dir='ltr'>John</span> <span class='ocrx_word' id='word_1_661' title='bbox 2009 864 2094 904; x_wconf 78' lang='lat' dir='ltr'>Lyfle.</span> 
     </span>
    </p>

    <p class='ocr_par' dir='ltr' id='par_1_63' title="bbox 1840 901 2223 1017">
     <span class='ocr_line' id='line_1_143' title="bbox 1843 901 2223 938; baseline 0.005 -8"><span class='ocrx_word' id='word_1_662' title='bbox 1843 904 1888 930; x_wconf 85' lang='lat' dir='ltr'>Sir</span> <span class='ocrx_word' id='word_1_663' title='bbox 1907 905 2004 938; x_wconf 84' lang='lat' dir='ltr'>Rogier</span> <span class='ocrx_word' id='word_1_664' title='bbox 2022 901 2223 933; x_wconf 79' lang='lat' dir='ltr'>Wntworthe.</span> 
     </span>
     <span class='ocr_line' id='line_1_144' title="bbox 1842 939 2220 980; baseline 0.008 -11"><span class='ocrx_word' id='word_1_665' title='bbox 1842 943 1887 969; x_wconf 85' lang='lat' dir='ltr'>Sir</span> <span class='ocrx_word' id='word_1_666' title='bbox 1906 939 2033 969; x_wconf 70' lang='lat' dir='ltr'>VVrlls&#39;am</span> <span class='ocrx_word' id='word_1_667' title='bbox 2057 941 2220 980; x_wconf 79' lang='lat' dir='ltr'>Walgrave.</span> 
     </span>
     <span class='ocr_line' id='line_1_145' title="bbox 1840 977 2084 1017; baseline 0.004 -9"><span class='ocrx_word' id='word_1_668' title='bbox 1840 981 1886 1008; x_wconf 84' lang='lat' dir='ltr'>Sir</span> <span class='ocrx_word' id='word_1_669' title='bbox 1900 977 1983 1017; x_wconf 90' lang='lat' dir='ltr'>John</span> <span class='ocrx_word' id='word_1_670' title='bbox 2009 981 2084 1009; x_wconf 81' lang='lat' dir='ltr'>Veer.</span> 
     </span>
    </p>
   </div>
   <div class='ocr_carea' id='block_1_39' title="bbox 1329 242 1734 863">
    <p class='ocr_par' dir='ltr' id='par_1_64' title="bbox 1329 242 1679 362">
     <span class='ocr_line' id='line_1_146' title="bbox 1329 242 1661 285; baseline 0.012 -13"><span class='ocrx_word' id='word_1_671' title='bbox 1329 245 1375 272; x_wconf 88' lang='lat' dir='ltr'>Sir</span> <span class='ocrx_word' id='word_1_672' title='bbox 1392 242 1512 274; x_wconf 82' lang='lat' dir='ltr'>Thomas</span> <span class='ocrx_word' id='word_1_673' title='bbox 1538 244 1661 285; x_wconf 80' lang='lat' dir='ltr'>Boleyne.</span> 
     </span>
     <span class='ocr_line' id='line_1_147' title="bbox 1329 281 1679 325; baseline 0.014 -15"><span class='ocrx_word' id='word_1_674' title='bbox 1329 284 1373 310; x_wconf 86' lang='lat' dir='ltr'>Sir</span> <span class='ocrx_word' id='word_1_675' title='bbox 1391 281 1521 312; x_wconf 83' lang='lat' dir='ltr'>William</span> <span class='ocrx_word' id='word_1_676' title='bbox 1534 284 1679 325; x_wconf 82' lang='lat' dir='ltr'>Kingston.</span> 
     </span>
     <span class='ocr_line' id='line_1_148' title="bbox 1329 320 1638 362; baseline 0.013 -13"><span class='ocrx_word' id='word_1_677' title='bbox 1329 322 1374 349; x_wconf 84' lang='lat' dir='ltr'>Sir</span> <span class='ocrx_word' id='word_1_678' title='bbox 1389 320 1512 350; x_wconf 82' lang='lat' dir='ltr'>Richard</span> <span class='ocrx_word' id='word_1_679' title='bbox 1524 322 1638 362; x_wconf 78' lang='lat' dir='ltr'>Wston.</span> 
     </span>
    </p>

    <p class='ocr_par' dir='ltr' id='par_1_65' title="bbox 1332 358 1678 429">
     <span class='ocr_line' id='line_1_149' title="bbox 1332 358 1678 400; baseline 0.006 -12"><span class='ocrx_word' id='word_1_680' title='bbox 1332 361 1377 388; x_wconf 81' lang='lat' dir='ltr'>Sir</span> <span class='ocrx_word' id='word_1_681' title='bbox 1397 360 1440 388; x_wconf 90' lang='lat' dir='ltr'><em>W</em></span> <span class='ocrx_word' id='word_1_682' title='bbox 1438 358 1524 389; x_wconf 72' lang='lat' dir='ltr'>illium</span> <span class='ocrx_word' id='word_1_683' title='bbox 1542 364 1678 400; x_wconf 86' lang='lat' dir='ltr'>Compton.</span> 
     </span>
     <span class='ocr_line' id='line_1_150' title="bbox 1333 397 1622 429; baseline 0.01 -3"><span class='ocrx_word' id='word_1_684' title='bbox 1333 400 1378 426; x_wconf 80' lang='lat' dir='ltr'>Sir</span> <span class='ocrx_word' id='word_1_685' title='bbox 1395 397 1521 427; x_wconf 82' lang='lat' dir='ltr'>William</span> <span class='ocrx_word' id='word_1_686' title='bbox 1538 399 1622 429; x_wconf 83' lang='lat' dir='ltr'>Tiler.</span> 
     </span>
    </p>

    <p class='ocr_par' dir='ltr' id='par_1_66' title="bbox 1333 435 1698 506">
     <span class='ocr_line' id='line_1_151' title="bbox 1333 435 1698 469; baseline 0.011 -5"><span class='ocrx_word' id='word_1_687' title='bbox 1333 437 1378 464; x_wconf 80' lang='lat' dir='ltr'>Sir</span> <span class='ocrx_word' id='word_1_688' title='bbox 1394 435 1516 466; x_wconf 62' lang='lat' dir='ltr'>Richard</span> <span class='ocrx_word' id='word_1_689' title='bbox 1530 436 1698 469; x_wconf 77' lang='lat' dir='ltr'>Sacheverel.</span> 
     </span>
     <span class='ocr_line' id='line_1_152' title="bbox 1333 475 1613 506; baseline 0.014 -4"><span class='ocrx_word' id='word_1_690' title='bbox 1333 476 1379 503; x_wconf 90' lang='lat' dir='ltr'>Sir</span> <span class='ocrx_word' id='word_1_691' title='bbox 1393 475 1497 504; x_wconf 84' lang='lat' dir='ltr'>David</span> <span class='ocrx_word' id='word_1_692' title='bbox 1515 479 1613 506; x_wconf 84' lang='lat' dir='ltr'>Owen.</span> 
     </span>
    </p>

    <p class='ocr_par' dir='ltr' id='par_1_67' title="bbox 1332 512 1618 544">
     <span class='ocr_line' id='line_1_153' title="bbox 1332 512 1618 544; baseline 0.014 -4"><span class='ocrx_word' id='word_1_693' title='bbox 1332 514 1378 541; x_wconf 89' lang='lat' dir='ltr'>Sir</span> <span class='ocrx_word' id='word_1_694' title='bbox 1400 512 1502 543; x_wconf 85' lang='lat' dir='ltr'>Robert</span> <span class='ocrx_word' id='word_1_695' title='bbox 1515 517 1594 544; x_wconf 91' lang='lat' dir='ltr'>Drur</span> <span class='ocrx_word' id='word_1_696' title='bbox 1611 538 1618 544; x_wconf 92' lang='lat'>.</span> 
     </span>
    </p>

    <p class='ocr_par' dir='ltr' id='par_1_68' title="bbox 1332 550 1611 584">
     <span class='ocr_line' id='line_1_154' title="bbox 1332 550 1611 584; baseline 0.011 -5"><span class='ocrx_word' id='word_1_697' title='bbox 1332 552 1379 580; x_wconf 84' lang='lat' dir='ltr'>Sir</span> <span class='ocrx_word' id='word_1_698' title='bbox 1394 550 1514 581; x_wconf 83' lang='lat' dir='ltr'>Thomas</span> <span class='ocrx_word' id='word_1_699' title='bbox 1530 555 1578 584; x_wconf 79' lang='lat' dir='ltr'>We</span> <span class='ocrx_word' id='word_1_700' title='bbox 1604 575 1611 582; x_wconf 88' lang='lat'><strong>.</strong></span> 
     </span>
    </p>

    <p class='ocr_par' dir='ltr' id='par_1_69' title="bbox 1333 589 1734 661">
     <span class='ocr_line' id='line_1_155' title="bbox 1333 589 1734 621; baseline 0.01 -4"><span class='ocrx_word' id='word_1_701' title='bbox 1333 591 1378 618; x_wconf 84' lang='lat' dir='ltr'>Sir</span> <span class='ocrx_word' id='word_1_702' title='bbox 1398 589 1524 620; x_wconf 84' lang='lat' dir='ltr'>William</span> <span class='ocrx_word' id='word_1_703' title='bbox 1541 589 1734 621; x_wconf 74' lang='lat' dir='ltr'>Fitzwilliam.</span> 
     </span>
     <span class='ocr_line' id='line_1_156' title="bbox 1334 627 1630 661; baseline 0.014 -5"><span class='ocrx_word' id='word_1_704' title='bbox 1334 629 1378 656; x_wconf 90' lang='lat' dir='ltr'>Sir</span> <span class='ocrx_word' id='word_1_705' title='bbox 1397 627 1518 659; x_wconf 80' lang='lat' dir='ltr'>Thomas</span> <span class='ocrx_word' id='word_1_706' title='bbox 1540 633 1630 661; x_wconf 87' lang='lat' dir='ltr'>More.</span> 
     </span>
    </p>

    <p class='ocr_par' dir='ltr' id='par_1_70' title="bbox 1334 667 1724 743">
     <span class='ocr_line' id='line_1_157' title="bbox 1334 667 1724 709; baseline 0.013 -14"><span class='ocrx_word' id='word_1_707' title='bbox 1334 669 1379 695; x_wconf 86' lang='lat' dir='ltr'>Sir</span> <span class='ocrx_word' id='word_1_708' title='bbox 1394 667 1526 698; x_wconf 78' lang='lat' dir='ltr'>Andrew</span> <span class='ocrx_word' id='word_1_709' title='bbox 1549 668 1724 709; x_wconf 65' lang='lat' dir='ltr'>Windtffiyur.</span> 
     </span>
     <span class='ocr_line' id='line_1_158' title="bbox 1334 705 1593 743; baseline 0.015 -10"><span class='ocrx_word' id='word_1_710' title='bbox 1334 708 1380 734; x_wconf 86' lang='lat' dir='ltr'>Sir</span> <span class='ocrx_word' id='word_1_711' title='bbox 1397 705 1479 743; x_wconf 88' lang='lat' dir='ltr'>John</span> <span class='ocrx_word' id='word_1_712' title='bbox 1496 710 1593 737; x_wconf 85' lang='lat' dir='ltr'>Semer.</span> 
     </span>
    </p>

    <p class='ocr_par' dir='ltr' id='par_1_71' title="bbox 1334 743 1678 823">
     <span class='ocr_line' id='line_1_159' title="bbox 1334 743 1678 785; baseline 0.012 -13"><span class='ocrx_word' id='word_1_713' title='bbox 1334 745 1378 772; x_wconf 87' lang='lat' dir='ltr'>Sir</span> <span class='ocrx_word' id='word_1_714' title='bbox 1397 743 1469 774; x_wconf 86' lang='lat' dir='ltr'>Giles</span> <span class='ocrx_word' id='word_1_715' title='bbox 1484 743 1678 785; x_wconf 82' lang='lat' dir='ltr'>Strangwifhe.</span> 
     </span>
     <span class='ocr_line' id='line_1_160' title="bbox 1334 782 1650 823; baseline 0.016 -13"><span class='ocrx_word' id='word_1_716' title='bbox 1334 784 1378 810; x_wconf 87' lang='lat' dir='ltr'>Sir</span> <span class='ocrx_word' id='word_1_717' title='bbox 1395 782 1512 813; x_wconf 88' lang='lat' dir='ltr'>Arthur</span> <span class='ocrx_word' id='word_1_718' title='bbox 1529 787 1650 823; x_wconf 84' lang='lat' dir='ltr'>Hopton.</span> 
     </span>
    </p>

    <p class='ocr_par' dir='ltr' id='par_1_72' title="bbox 1335 821 1616 863">
     <span class='ocr_line' id='line_1_161' title="bbox 1335 821 1616 863; baseline 0.014 -16"><span class='ocrx_word' id='word_1_719' title='bbox 1335 823 1379 848; x_wconf 84' lang='lat' dir='ltr'>Sir</span> <span class='ocrx_word' id='word_1_720' title='bbox 1424 821 1476 851; x_wconf 89' lang='lat' dir='ltr'>ohn</span> <span class='ocrx_word' id='word_1_721' title='bbox 1493 823 1616 863; x_wconf 82' lang='lat' dir='ltr'>Heydon.</span> 
     </span>
    </p>
   </div>
   <div class='ocr_carea' id='block_1_40' title="bbox 1331 898 1732 1053">
    <p class='ocr_par' dir='ltr' id='par_1_73' title="bbox 1333 898 1713 974">
     <span class='ocr_line' id='line_1_162' title="bbox 1335 898 1713 942; baseline 0.013 -17"><span class='ocrx_word' id='word_1_722' title='bbox 1335 899 1379 926; x_wconf 85' lang='lat' dir='ltr'>Sir</span> <span class='ocrx_word' id='word_1_723' title='bbox 1396 898 1532 936; x_wconf 77' lang='lat' dir='ltr'>Anthony</span> <span class='ocrx_word' id='word_1_724' title='bbox 1548 899 1713 942; x_wconf 81' lang='lat' dir='ltr'>Wingfelde.</span> 
     </span>
     <span class='ocr_line' id='line_1_163' title="bbox 1333 936 1611 974; baseline 0.014 -10"><span class='ocrx_word' id='word_1_725' title='bbox 1333 938 1379 964; x_wconf 83' lang='lat' dir='ltr'>Sir</span> <span class='ocrx_word' id='word_1_726' title='bbox 1395 936 1476 974; x_wconf 86' lang='lat' dir='ltr'>John</span> <span class='ocrx_word' id='word_1_727' title='bbox 1491 937 1611 968; x_wconf 81' lang='lat' dir='ltr'>Shelton.</span> 
     </span>
    </p>

    <p class='ocr_par' dir='ltr' id='par_1_74' title="bbox 1332 974 1627 1014">
     <span class='ocr_line' id='line_1_164' title="bbox 1332 974 1627 1014; baseline 0.014 -12"><span class='ocrx_word' id='word_1_728' title='bbox 1332 977 1377 1003; x_wconf 89' lang='lat' dir='ltr'>Sir</span> <span class='ocrx_word' id='word_1_729' title='bbox 1393 974 1474 1013; x_wconf 86' lang='lat' dir='ltr'>John</span> <span class='ocrx_word' id='word_1_730' title='bbox 1491 975 1627 1014; x_wconf 85' lang='lat' dir='ltr'>Ragland.</span> 
     </span>
    </p>

    <p class='ocr_par' dir='ltr' id='par_1_75' title="bbox 1331 1013 1732 1053">
     <span class='ocr_line' id='line_1_165' title="bbox 1331 1013 1732 1053; baseline 0.01 -11"><span class='ocrx_word' id='word_1_731' title='bbox 1331 1015 1375 1043; x_wconf 85' lang='lat' dir='ltr'>Sir</span> <span class='ocrx_word' id='word_1_732' title='bbox 1392 1013 1522 1044; x_wconf 84' lang='lat' dir='ltr'>Arthure</span> <span class='ocrx_word' id='word_1_733' title='bbox 1541 1015 1732 1053; x_wconf 79' lang='lat' dir='ltr'>Plantagynet.</span> 
     </span>
    </p>
   </div>
   <div class='ocr_carea' id='block_1_41' title="bbox 1294 1089 2359 1286">
    <p class='ocr_par' dir='ltr' id='par_1_76' title="bbox 1294 1089 2359 1286">
     <span class='ocr_line' id='line_1_166' title="bbox 1334 1089 2358 1134; baseline 0.005 -13"><span class='ocrx_word' id='word_1_734' title='bbox 1334 1089 1382 1121; x_wconf 86' lang='lat' dir='ltr'>All</span> <span class='ocrx_word' id='word_1_735' title='bbox 1401 1091 1450 1122; x_wconf 91' lang='lat' dir='ltr'>the</span> <span class='ocrx_word' id='word_1_736' title='bbox 1469 1091 1593 1123; x_wconf 85' lang='lat' dir='ltr'>Refidue</span> <span class='ocrx_word' id='word_1_737' title='bbox 1607 1091 1644 1122; x_wconf 89' lang='lat' dir='ltr'>of</span> <span class='ocrx_word' id='word_1_738' title='bbox 1658 1092 1706 1124; x_wconf 86' lang='lat' dir='ltr'>the</span> <span class='ocrx_word' id='word_1_739' title='bbox 1722 1092 1826 1124; x_wconf 90' lang='lat' dir='ltr'>Lordis</span> <span class='ocrx_word' id='word_1_740' title='bbox 1841 1093 1896 1124; x_wconf 89' lang='lat' dir='ltr'>and</span> <span class='ocrx_word' id='word_1_741' title='bbox 1914 1092 2048 1134; x_wconf 79' lang='lat' dir='ltr'>Knightis</span> <span class='ocrx_word' id='word_1_742' title='bbox 2064 1117 2075 1133; x_wconf 81' lang='grc'>,</span> <span class='ocrx_word' id='word_1_743' title='bbox 2097 1094 2211 1126; x_wconf 86' lang='lat' dir='ltr'>warned</span> <span class='ocrx_word' id='word_1_744' title='bbox 2226 1101 2260 1125; x_wconf 88' lang='lat' dir='ltr'>to</span> <span class='ocrx_word' id='word_1_745' title='bbox 2281 1101 2358 1132; x_wconf 63' lang='lat' dir='ltr'>gevre</span> 
     </span>
     <span class='ocr_line' id='line_1_167' title="bbox 1297 1127 2357 1174; baseline 0.005 -15"><span class='ocrx_word' id='word_1_746' title='bbox 1297 1127 1513 1169; x_wconf 85' lang='lat' dir='ltr'>Attendaunce‚</span> <span class='ocrx_word' id='word_1_747' title='bbox 1527 1140 1578 1162; x_wconf 89' lang='lat' dir='ltr'>not</span> <span class='ocrx_word' id='word_1_748' title='bbox 1596 1131 1760 1169; x_wconf 85' lang='lat' dir='ltr'>Appointed</span> <span class='ocrx_word' id='word_1_749' title='bbox 1775 1141 1807 1163; x_wconf 90' lang='lat' dir='ltr'>to</span> <span class='ocrx_word' id='word_1_750' title='bbox 1822 1132 1927 1164; x_wconf 86' lang='lat' dir='ltr'>Attend</span> <span class='ocrx_word' id='word_1_751' title='bbox 1943 1143 2020 1171; x_wconf 89' lang='lat' dir='ltr'>upon</span> <span class='ocrx_word' id='word_1_752' title='bbox 2039 1143 2087 1174; x_wconf 88' lang='lat' dir='ltr'>my</span> <span class='ocrx_word' id='word_1_753' title='bbox 2103 1134 2183 1164; x_wconf 89' lang='lat' dir='ltr'>Lord</span> <span class='ocrx_word' id='word_1_754' title='bbox 2194 1136 2357 1171; x_wconf 79' lang='lat' dir='ltr'>Legate,to</span> 
     </span>
     <span class='ocr_line' id='line_1_168' title="bbox 1295 1168 2358 1211; baseline 0.004 -14"><span class='ocrx_word' id='word_1_755' title='bbox 1295 1168 1333 1198; x_wconf 89' lang='lat' dir='ltr'>be</span> <span class='ocrx_word' id='word_1_756' title='bbox 1350 1168 1479 1200; x_wconf 86' lang='lat' dir='ltr'>Warned</span> <span class='ocrx_word' id='word_1_757' title='bbox 1500 1178 1532 1200; x_wconf 92' lang='lat' dir='ltr'>to</span> <span class='ocrx_word' id='word_1_758' title='bbox 1547 1172 1655 1200; x_wconf 84' lang='lat' dir='ltr'>remain</span> <span class='ocrx_word' id='word_1_759' title='bbox 1670 1170 1790 1202; x_wconf 86' lang='lat' dir='ltr'>behinde</span> <span class='ocrx_word' id='word_1_760' title='bbox 1810 1171 1864 1202; x_wconf 87' lang='lat' dir='ltr'>and</span> <span class='ocrx_word' id='word_1_761' title='bbox 1880 1180 1912 1202; x_wconf 89' lang='lat' dir='ltr'>to</span> <span class='ocrx_word' id='word_1_762' title='bbox 1929 1172 2052 1203; x_wconf 86' lang='lat' dir='ltr'>Attende</span> <span class='ocrx_word' id='word_1_763' title='bbox 2071 1183 2149 1210; x_wconf 88' lang='lat' dir='ltr'>upon</span> <span class='ocrx_word' id='word_1_764' title='bbox 2170 1172 2218 1203; x_wconf 92' lang='lat' dir='ltr'>the</span> <span class='ocrx_word' id='word_1_765' title='bbox 2234 1171 2358 1211; x_wconf 66' lang='lat' dir='ltr'>⁶Quenes</span> 
     </span>
     <span class='ocr_line' id='line_1_169' title="bbox 1295 1207 2359 1253; baseline 0.007 -18"><span class='ocrx_word' id='word_1_766' title='bbox 1295 1209 1382 1237; x_wconf 83' lang='lat' dir='ltr'>Grace</span> <span class='ocrx_word' id='word_1_767' title='bbox 1394 1218 1421 1239; x_wconf 91' lang='lat' dir='ltr'>at</span> <span class='ocrx_word' id='word_1_768' title='bbox 1441 1207 1714 1248; x_wconf 81' lang='lat' dir='ltr'>Grenewicbe‚and</span> <span class='ocrx_word' id='word_1_769' title='bbox 1733 1219 1759 1240; x_wconf 91' lang='lat' dir='ltr'>at</span> <span class='ocrx_word' id='word_1_770' title='bbox 1777 1209 1824 1240; x_wconf 91' lang='lat' dir='ltr'>the</span> <span class='ocrx_word' id='word_1_771' title='bbox 1841 1212 1938 1248; x_wconf 83' lang='lat' dir='ltr'>Kingis</span> <span class='ocrx_word' id='word_1_772' title='bbox 1953 1211 2007 1242; x_wconf 87' lang='lat' dir='ltr'>and</span> <span class='ocrx_word' id='word_1_773' title='bbox 2022 1213 2182 1251; x_wconf 81' lang='lat' dir='ltr'>Emperours</span> <span class='ocrx_word' id='word_1_774' title='bbox 2195 1220 2359 1253; x_wconf 77' lang='lat' dir='ltr'>commyng</span> 
     </span>
     <span class='ocr_line' id='line_1_170' title="bbox 1294 1245 1829 1286; baseline 0.007 -11"><span class='ocrx_word' id='word_1_775' title='bbox 1294 1245 1371 1276; x_wconf 90' lang='lat' dir='ltr'>there</span> <span class='ocrx_word' id='word_1_776' title='bbox 1389 1255 1420 1277; x_wconf 95' lang='lat' dir='ltr'>to</span> <span class='ocrx_word' id='word_1_777' title='bbox 1437 1246 1532 1277; x_wconf 87' lang='lat' dir='ltr'>stande</span> <span class='ocrx_word' id='word_1_778' title='bbox 1547 1247 1632 1286; x_wconf 85' lang='lat' dir='ltr'>along</span> <span class='ocrx_word' id='word_1_779' title='bbox 1654 1248 1701 1278; x_wconf 86' lang='lat' dir='ltr'>the</span> <span class='ocrx_word' id='word_1_780' title='bbox 1716 1248 1829 1279; x_wconf 89' lang='lat' dir='ltr'>Warfe.</span> 
     </span>
    </p>
   </div>
   <div class='ocr_carea' id='block_1_42' title="bbox 1294 1302 2358 1383">
    <p class='ocr_par' dir='ltr' id='par_1_77' title="bbox 1294 1302 2358 1383">
     <span class='ocr_line' id='line_1_171' title="bbox 1332 1302 2358 1348; baseline 0.005 -16"><span class='ocrx_word' id='word_1_781' title='bbox 1332 1302 1379 1333; x_wconf 83' lang='grc' dir='ltr'>Ιτ</span> <span class='ocrx_word' id='word_1_782' title='bbox 1391 1312 1409 1334; x_wconf 84' lang='lat' dir='ltr'>E</span> <span class='ocrx_word' id='word_1_783' title='bbox 1420 1311 1468 1341; x_wconf 87' lang='lat' dir='ltr'>M,</span> <span class='ocrx_word' id='word_1_784' title='bbox 1485 1305 1590 1344; x_wconf 84' lang='lat' dir='ltr'>Norrey</span> <span class='ocrx_word' id='word_1_785' title='bbox 1605 1304 1659 1335; x_wconf 83' lang='lat' dir='ltr'>and</span> <span class='ocrx_word' id='word_1_786' title='bbox 1677 1305 1758 1335; x_wconf 77' lang='lat' dir='ltr'>Yorke</span> <span class='ocrx_word' id='word_1_787' title='bbox 1773 1305 1844 1337; x_wconf 87' lang='lat' dir='ltr'>with</span> <span class='ocrx_word' id='word_1_788' title='bbox 1859 1305 1906 1336; x_wconf 85' lang='lat' dir='ltr'>the</span> <span class='ocrx_word' id='word_1_789' title='bbox 1927 1305 2034 1345; x_wconf 81' lang='lat' dir='ltr'>Ki&#39;ngis</span> <span class='ocrx_word' id='word_1_790' title='bbox 2047 1307 2231 1348; x_wconf 84' lang='lat' dir='ltr'>Trompyttis</span> <span class='ocrx_word' id='word_1_791' title='bbox 2253 1314 2284 1338; x_wconf 86' lang='lat' dir='ltr'>to</span> <span class='ocrx_word' id='word_1_792' title='bbox 2303 1304 2358 1337; x_wconf 81' lang='lat' dir='ltr'>At·</span> 
     </span>
     <span class='ocr_line' id='line_1_172' title="bbox 1294 1341 1987 1383; baseline 0.006 -11"><span class='ocrx_word' id='word_1_793' title='bbox 1294 1341 1379 1373; x_wconf 87' lang='lat' dir='ltr'>tende</span> <span class='ocrx_word' id='word_1_794' title='bbox 1400 1352 1478 1380; x_wconf 86' lang='lat' dir='ltr'>upon</span> <span class='ocrx_word' id='word_1_795' title='bbox 1493 1352 1541 1383; x_wconf 90' lang='lat' dir='ltr'>my</span> <span class='ocrx_word' id='word_1_796' title='bbox 1555 1343 1610 1374; x_wconf 76' lang='lat' dir='ltr'>laid</span> <span class='ocrx_word' id='word_1_797' title='bbox 1622 1344 1702 1373; x_wconf 86' lang='lat' dir='ltr'>Lord</span> <span class='ocrx_word' id='word_1_798' title='bbox 1713 1347 1820 1382; x_wconf 82' lang='lat' dir='ltr'>Legate</span> <span class='ocrx_word' id='word_1_799' title='bbox 1834 1354 1861 1375; x_wconf 91' lang='lat' dir='ltr'>at</span> <span class='ocrx_word' id='word_1_800' title='bbox 1875 1345 1987 1376; x_wconf 88' lang='lat' dir='ltr'>Dover.</span> 
     </span>
    </p>
   </div>
   <div class='ocr_carea' id='block_1_43' title="bbox 1294 1417 2358 1542">
    <p class='ocr_par' dir='ltr' id='par_1_78' title="bbox 1294 1417 2358 1542">
     <span class='ocr_line' id='line_1_173' title="bbox 1334 1417 2358 1460; baseline 0.002 -10"><span class='ocrx_word' id='word_1_801' title='bbox 1334 1417 1624 1459; x_wconf 74' lang='lat' dir='ltr'>MEMORANDUM,</span> <span class='ocrx_word' id='word_1_802' title='bbox 1647 1420 1713 1451; x_wconf 81' lang='lat' dir='ltr'>that</span> <span class='ocrx_word' id='word_1_803' title='bbox 1732 1421 1792 1452; x_wconf 88' lang='lat' dir='ltr'>Mr.</span> <span class='ocrx_word' id='word_1_804' title='bbox 1811 1422 1917 1453; x_wconf 87' lang='lat' dir='ltr'>Garter</span> <span class='ocrx_word' id='word_1_805' title='bbox 1934 1422 1992 1453; x_wconf 82' lang='lat' dir='ltr'>and</span> <span class='ocrx_word' id='word_1_806' title='bbox 2011 1422 2088 1453; x_wconf 75' lang='lat' dir='ltr'>other</span> <span class='ocrx_word' id='word_1_807' title='bbox 2112 1426 2138 1454; x_wconf 92' lang='lat' dir='ltr'>o</span> <span class='ocrx_word' id='word_1_808' title='bbox 2170 1433 2225 1454; x_wconf 76' lang='lat' dir='ltr'>cers</span> <span class='ocrx_word' id='word_1_809' title='bbox 2246 1420 2283 1460; x_wconf 87' lang='lat' dir='ltr'>of</span> <span class='ocrx_word' id='word_1_810' title='bbox 2293 1421 2358 1452; x_wconf 85' lang='lat' dir='ltr'>Ar-</span> 
     </span>
     <span class='ocr_line' id='line_1_174' title="bbox 1295 1457 2358 1501; baseline 0.003 -14"><span class='ocrx_word' id='word_1_811' title='bbox 1295 1468 1348 1488; x_wconf 85' lang='lat' dir='ltr'>mes</span> <span class='ocrx_word' id='word_1_812' title='bbox 1360 1457 1395 1497; x_wconf 77' lang='lat' dir='ltr'>of</span> <span class='ocrx_word' id='word_1_813' title='bbox 1405 1458 1452 1498; x_wconf 82' lang='lat' dir='ltr'>hys</span> <span class='ocrx_word' id='word_1_814' title='bbox 1467 1463 1612 1500; x_wconf 70' lang='lat' dir='ltr'>Compaeny</span> <span class='ocrx_word' id='word_1_815' title='bbox 1624 1460 1671 1499; x_wconf 81' lang='lat' dir='ltr'>gif</span> <span class='ocrx_word' id='word_1_816' title='bbox 1674 1463 1813 1501; x_wconf 84' lang='lat' dir='ltr'>Warnyng</span> <span class='ocrx_word' id='word_1_817' title='bbox 1829 1468 1858 1490; x_wconf 85' lang='lat' dir='ltr'>to</span> <span class='ocrx_word' id='word_1_818' title='bbox 1873 1460 1915 1491; x_wconf 84' lang='lat' dir='ltr'>all</span> <span class='ocrx_word' id='word_1_819' title='bbox 1926 1461 1972 1491; x_wconf 87' lang='lat' dir='ltr'>the</span> <span class='ocrx_word' id='word_1_820' title='bbox 1985 1460 2049 1500; x_wconf 81' lang='lat' dir='ltr'>said</span> <span class='ocrx_word' id='word_1_821' title='bbox 2064 1462 2128 1492; x_wconf 80' lang='lat' dir='ltr'>Neb</span> <span class='ocrx_word' id='word_1_822' title='bbox 2140 1474 2165 1491; x_wconf 89' lang='lat' dir='ltr'>es</span> <span class='ocrx_word' id='word_1_823' title='bbox 2180 1469 2209 1492; x_wconf 82' lang='lat' dir='ltr'>to</span> <span class='ocrx_word' id='word_1_824' title='bbox 2222 1461 2271 1501; x_wconf 82' lang='lat' dir='ltr'>gif</span> <span class='ocrx_word' id='word_1_825' title='bbox 2279 1460 2358 1496; x_wconf 79' lang='lat' dir='ltr'>thair¹</span> 
     </span>
     <span class='ocr_line' id='line_1_175' title="bbox 1294 1497 2091 1542; baseline 0.005 -15"><span class='ocrx_word' id='word_1_826' title='bbox 1294 1497 1489 1528; x_wconf 79' lang='lat' dir='ltr'>Attendaunce</span> <span class='ocrx_word' id='word_1_827' title='bbox 1508 1502 1538 1528; x_wconf 86' lang='lat' dir='ltr'>in</span> <span class='ocrx_word' id='word_1_828' title='bbox 1555 1501 1659 1529; x_wconf 81' lang='lat' dir='ltr'>Maner</span> <span class='ocrx_word' id='word_1_829' title='bbox 1676 1499 1736 1529; x_wconf 85' lang='lat' dir='ltr'>and</span> <span class='ocrx_word' id='word_1_830' title='bbox 1750 1502 1842 1530; x_wconf 85' lang='lat' dir='ltr'>Forme</span> <span class='ocrx_word' id='word_1_831' title='bbox 1860 1499 1936 1539; x_wconf 82' lang='lat' dir='ltr'>afore</span> <span class='ocrx_word' id='word_1_832' title='bbox 1944 1500 2091 1542; x_wconf 62' lang='lat' dir='ltr'>specyffied.</span> 
     </span>
    </p>
   </div>
   <div class='ocr_carea' id='block_1_44' title="bbox 1449 1623 2203 1673">
    <p class='ocr_par' dir='ltr' id='par_1_79' title="bbox 1449 1623 2203 1673">
     <span class='ocr_line' id='line_1_176' title="bbox 1449 1623 2203 1673; baseline 0.004 -17"><span class='ocrx_word' id='word_1_833' title='bbox 1449 1623 1475 1650; x_wconf 84' lang='lat'><strong><em>*</em></strong></span> <span class='ocrx_word' id='word_1_834' title='bbox 1488 1627 1546 1657; x_wconf 88' lang='lat' dir='ltr'>Pro</span> <span class='ocrx_word' id='word_1_835' title='bbox 1568 1624 1680 1672; x_wconf 80' lang='lat' dir='ltr'>Legata</span> <span class='ocrx_word' id='word_1_836' title='bbox 1703 1623 1849 1659; x_wconf 61' lang='lat' dir='ltr'>antediffo</span> <span class='ocrx_word' id='word_1_837' title='bbox 1876 1626 1974 1670; x_wconf 67' lang='lat' dir='ltr'>PeffiO</span> <span class='ocrx_word' id='word_1_838' title='bbox 1999 1626 2203 1673; x_wconf 74' lang='lat' dir='ltr'>Imperatoris.</span> 
     </span>
    </p>
   </div>
   <div class='ocr_carea' id='block_1_45' title="bbox 1363 1704 2354 1790">
    <p class='ocr_par' dir='ltr' id='par_1_80' title="bbox 1363 1704 2354 1790">
     <span class='ocr_line' id='line_1_177' title="bbox 1363 1704 2353 1750; baseline 0.003 -10"><span class='ocrx_word' id='word_1_839' title='bbox 1363 1709 1467 1741; x_wconf 84' lang='lat' dir='ltr'>Arolus</span> <span class='ocrx_word' id='word_1_840' title='bbox 1484 1734 1493 1749; x_wconf 85' lang='lat'>‚</span> <span class='ocrx_word' id='word_1_841' title='bbox 1517 1710 1630 1742; x_wconf 62' lang='lat' dir='ltr'>Divina</span> <span class='ocrx_word' id='word_1_842' title='bbox 1644 1711 1756 1742; x_wconf 88' lang='lat' dir='ltr'>favente</span> <span class='ocrx_word' id='word_1_843' title='bbox 1772 1710 1952 1750; x_wconf 64' lang='lat' dir='ltr'>Clementia,</span> <span class='ocrx_word' id='word_1_844' title='bbox 1972 1712 2083 1742; x_wconf 65' lang='lat' dir='ltr'>Eleft&#39;us</span> <span class='ocrx_word' id='word_1_845' title='bbox 2098 1715 2280 1743; x_wconf 86' lang='lat' dir='ltr'>Romanorum</span> <span class='ocrx_word' id='word_1_846' title='bbox 2292 1704 2353 1743; x_wconf 83' lang='grc' dir='ltr'>ῘΜ-</span> 
     </span>
     <span class='ocr_line' id='line_1_178' title="bbox 1382 1750 2354 1790; baseline -0.001 -10"><span class='ocrx_word' id='word_1_847' title='bbox 1382 1759 1399 1780; x_wconf 82' lang='grc' dir='ltr'>Ρ</span> <span class='ocrx_word' id='word_1_848' title='bbox 1411 1759 1428 1779; x_wconf 79' lang='lat' dir='ltr'>E</span> <span class='ocrx_word' id='word_1_849' title='bbox 1439 1759 1462 1781; x_wconf 84' lang='lat' dir='ltr'>R</span> <span class='ocrx_word' id='word_1_850' title='bbox 1473 1760 1492 1780; x_wconf 77' lang='grc' dir='ltr'>Α</span> <span class='ocrx_word' id='word_1_851' title='bbox 1502 1759 1524 1780; x_wconf 85' lang='lat' dir='ltr'>T</span> <span class='ocrx_word' id='word_1_852' title='bbox 1532 1760 1551 1780; x_wconf 95' lang='lat' dir='ltr'>o</span> <span class='ocrx_word' id='word_1_853' title='bbox 1561 1760 1583 1780; x_wconf 86' lang='lat' dir='ltr'>R</span> <span class='ocrx_word' id='word_1_854' title='bbox 1606 1750 1715 1787; x_wconf 85' lang='lat' dir='ltr'>semper</span> <span class='ocrx_word' id='word_1_855' title='bbox 1739 1750 1878 1789; x_wconf 86' lang='lat' dir='ltr'>Augustus</span> <span class='ocrx_word' id='word_1_856' title='bbox 1889 1774 1892 1780; x_wconf 74' lang='grc'>,</span> <span class='ocrx_word' id='word_1_857' title='bbox 1914 1750 1944 1780; x_wconf 87' lang='lat' dir='ltr'>R</span> <span class='ocrx_word' id='word_1_858' title='bbox 1955 1760 1972 1780; x_wconf 80' lang='lat' dir='ltr'>E</span> <span class='ocrx_word' id='word_1_859' title='bbox 1983 1760 2000 1780; x_wconf 87' lang='lat' dir='ltr'>x</span> <span class='ocrx_word' id='word_1_860' title='bbox 2016 1754 2170 1781; x_wconf 82' lang='lat' dir='ltr'>Germaniae</span> <span class='ocrx_word' id='word_1_861' title='bbox 2179 1775 2189 1790; x_wconf 83' lang='lat'>‚</span> <span class='ocrx_word' id='word_1_862' title='bbox 2203 1751 2354 1790; x_wconf 71' lang='lat' dir='ltr'>Hispania-</span> 
     </span>
    </p>
   </div>
   <div class='ocr_carea' id='block_1_46' title="bbox 2375 215 2508 323">
    <p class='ocr_par' dir='ltr' id='par_1_81' title="bbox 2375 215 2508 323">
     <span class='ocr_line' id='line_1_179' title="bbox 2376 215 2508 259; baseline -0.008 -10"><span class='ocrx_word' id='word_1_863' title='bbox 2376 216 2454 259; x_wconf 76' lang='lat' dir='ltr'>Anri.</span> <span class='ocrx_word' id='word_1_864' title='bbox 2467 215 2508 249; x_wconf 70' lang='lat' dir='ltr'>D,</span> 
     </span>
     <span class='ocr_line' id='line_1_180' title="bbox 2375 264 2506 323; baseline 0 -1"><span class='ocrx_word' id='word_1_865' title='bbox 2375 264 2493 323; x_wconf 59' lang='grc' dir='ltr'>ιιξέῗέῐ</span> <span class='ocrx_word' id='word_1_866' title='bbox 2504 293 2506 295; x_wconf 93' lang='grc'><strong><em>·</em></strong></span> 
     </span>
    </p>
   </div>
   <div class='ocr_carea' id='block_1_47' title="bbox 2392 1709 2521 1789">
    <p class='ocr_par' dir='ltr' id='par_1_82' title="bbox 2392 1709 2521 1789">
     <span class='ocr_line' id='line_1_181' title="bbox 2392 1709 2521 1749; baseline 0.008 -9"><span class='ocrx_word' id='word_1_867' title='bbox 2392 1709 2414 1732; x_wconf 71' lang='lat'>0</span> <span class='ocrx_word' id='word_1_868' title='bbox 2423 1710 2521 1749; x_wconf 76' lang='lat' dir='ltr'>xlm.</span> 
     </span>
     <span class='ocr_line' id='line_1_182' title="bbox 2411 1753 2495 1789; baseline 0.024 -3"><span class='ocrx_word' id='word_1_869' title='bbox 2411 1753 2475 1787; x_wconf 83' lang='lat'>769·</span> <span class='ocrx_word' id='word_1_870' title='bbox 2493 1787 2495 1789; x_wconf 87' lang='grc'><strong>,</strong></span> 
     </span>
    </p>
   </div>
   <div class='ocr_carea' id='block_1_48' title="bbox 1295 1787 2512 1830">
    <p class='ocr_par' dir='ltr' id='par_1_83' title="bbox 1295 1787 2512 1830">
     <span class='ocr_line' id='line_1_183' title="bbox 1295 1787 2512 1830; baseline 0.002 -13"><span class='ocrx_word' id='word_1_871' title='bbox 1295 1799 1371 1826; x_wconf 82' lang='lat' dir='ltr'>rum,</span> <span class='ocrx_word' id='word_1_872' title='bbox 1395 1789 1531 1828; x_wconf 72' lang='lat' dir='ltr'>utrmstque</span> <span class='ocrx_word' id='word_1_873' title='bbox 1559 1788 1654 1817; x_wconf 83' lang='lat' dir='ltr'>Siciliae</span> <span class='ocrx_word' id='word_1_874' title='bbox 1666 1811 1676 1826; x_wconf 90' lang='lat'>,</span> <span class='ocrx_word' id='word_1_875' title='bbox 1696 1788 1870 1827; x_wconf 85' lang='lat' dir='ltr'>Jherusalem</span> <span class='ocrx_word' id='word_1_876' title='bbox 1884 1812 1893 1826; x_wconf 81' lang='lat'>‚</span> <span class='ocrx_word' id='word_1_877' title='bbox 1919 1789 2052 1820; x_wconf 69' lang='lat' dir='ltr'>Sardinia</span> <span class='ocrx_word' id='word_1_878' title='bbox 2067 1813 2077 1828; x_wconf 84' lang='lat'>‚</span> <span class='ocrx_word' id='word_1_879' title='bbox 2098 1789 2222 1830; x_wconf 71' lang='lat' dir='ltr'>Corficae,</span> <span class='ocrx_word' id='word_1_880' title='bbox 2253 1787 2354 1828; x_wconf 82' lang='lat' dir='ltr'>Infidae</span> <span class='ocrx_word' id='word_1_881' title='bbox 2374 1787 2453 1821; x_wconf 84' lang='lat' dir='ltr'>Ann.</span> <span class='ocrx_word' id='word_1_882' title='bbox 2465 1787 2512 1825; x_wconf 49' lang='lat' dir='ltr'>Dq&#39;</span> 
     </span>
    </p>
   </div>
   <div class='ocr_carea' id='block_1_49' title="bbox 1295 1825 2357 1865">
    <p class='ocr_par' dir='ltr' id='par_1_84' title="bbox 1295 1825 2357 1865">
     <span class='ocr_line' id='line_1_184' title="bbox 1295 1825 2357 1865; baseline 0 -9"><span class='ocrx_word' id='word_1_883' title='bbox 1295 1826 1446 1856; x_wconf 81' lang='lat' dir='ltr'>Balearum</span> <span class='ocrx_word' id='word_1_884' title='bbox 1455 1850 1464 1865; x_wconf 85' lang='lat'>,</span> <span class='ocrx_word' id='word_1_885' title='bbox 1478 1825 1633 1865; x_wconf 72' lang='lat' dir='ltr'>Insularum</span> <span class='ocrx_word' id='word_1_886' title='bbox 1650 1830 1777 1856; x_wconf 73' lang='lat' dir='ltr'>Canariae</span> <span class='ocrx_word' id='word_1_887' title='bbox 1792 1826 1830 1861; x_wconf 59' lang='grc' dir='ltr'><strong><em>ὠ</em></strong></span> <span class='ocrx_word' id='word_1_888' title='bbox 1845 1828 1987 1857; x_wconf 71' lang='lat' dir='ltr'>Indiarum</span> <span class='ocrx_word' id='word_1_889' title='bbox 1996 1849 2006 1865; x_wconf 80' lang='lat'>‚</span> <span class='ocrx_word' id='word_1_890' title='bbox 2025 1839 2055 1857; x_wconf 86' lang='lat' dir='ltr'>ac</span> <span class='ocrx_word' id='word_1_891' title='bbox 2071 1829 2162 1857; x_wconf 79' lang='lat' dir='ltr'>Terrae</span> <span class='ocrx_word' id='word_1_892' title='bbox 2175 1831 2278 1857; x_wconf 73' lang='lat' dir='ltr'>Ferme</span> <span class='ocrx_word' id='word_1_893' title='bbox 2287 1830 2357 1857; x_wconf 85' lang='lat' dir='ltr'>Ma-</span> 
     </span>
    </p>
   </div>
   <div class='ocr_carea' id='block_1_50' title="bbox 2396 1836 2481 1866">
    <p class='ocr_par' dir='ltr' id='par_1_85' title="bbox 2396 1836 2481 1866">
     <span class='ocr_line' id='line_1_185' title="bbox 2396 1836 2481 1866; baseline 0.012 -9"><span class='ocrx_word' id='word_1_894' title='bbox 2396 1836 2481 1866; x_wconf 81' lang='lat'>1522.</span> 
     </span>
    </p>
   </div>
   <div class='ocr_carea' id='block_1_51' title="bbox 1294 1865 2492 1904">
    <p class='ocr_par' dir='ltr' id='par_1_86' title="bbox 1294 1865 2492 1904">
     <span class='ocr_line' id='line_1_186' title="bbox 1294 1865 2492 1904; baseline 0 -10"><span class='ocrx_word' id='word_1_895' title='bbox 1294 1869 1334 1894; x_wconf 80' lang='lat' dir='ltr'>ris</span> <span class='ocrx_word' id='word_1_896' title='bbox 1349 1869 1465 1904; x_wconf 76' lang='lat' dir='ltr'>Oceani,</span> <span class='ocrx_word' id='word_1_897' title='bbox 1479 1865 1507 1896; x_wconf 91' lang='lat' dir='ltr'>A</span> <span class='ocrx_word' id='word_1_898' title='bbox 1515 1875 1539 1896; x_wconf 82' lang='lat' dir='ltr'>R</span> <span class='ocrx_word' id='word_1_899' title='bbox 1548 1875 1564 1895; x_wconf 90' lang='lat' dir='ltr'>c</span> <span class='ocrx_word' id='word_1_900' title='bbox 1574 1873 1613 1895; x_wconf 77' lang='lat' dir='ltr'>Hi</span> <span class='ocrx_word' id='word_1_901' title='bbox 1625 1874 1646 1896; x_wconf 87' lang='lat' dir='ltr'>D</span> <span class='ocrx_word' id='word_1_902' title='bbox 1657 1874 1679 1895; x_wconf 85' lang='grc' dir='ltr'>υ</span> <span class='ocrx_word' id='word_1_903' title='bbox 1690 1875 1706 1895; x_wconf 88' lang='lat' dir='ltr'>x</span> <span class='ocrx_word' id='word_1_904' title='bbox 1723 1865 1847 1904; x_wconf 80' lang='lat' dir='ltr'>Austriae</span> <span class='ocrx_word' id='word_1_905' title='bbox 1856 1888 1867 1904; x_wconf 92' lang='lat'>,</span> <span class='ocrx_word' id='word_1_906' title='bbox 1883 1865 1913 1896; x_wconf 96' lang='lat' dir='ltr'>D</span> <span class='ocrx_word' id='word_1_907' title='bbox 1923 1875 1946 1896; x_wconf 84' lang='grc' dir='ltr'>υ</span> <span class='ocrx_word' id='word_1_908' title='bbox 1956 1875 1972 1894; x_wconf 88' lang='lat' dir='ltr'>x</span> <span class='ocrx_word' id='word_1_909' title='bbox 1986 1866 2168 1904; x_wconf 79' lang='lat' dir='ltr'>Burgundiae,</span> <span class='ocrx_word' id='word_1_910' title='bbox 2176 1866 2341 1896; x_wconf 76' lang='lat' dir='ltr'>Brabansiae</span> <span class='ocrx_word' id='word_1_911' title='bbox 2350 1886 2360 1904; x_wconf 87' lang='lat'>‚</span> <span class='ocrx_word' id='word_1_912' title='bbox 2376 1870 2430 1895; x_wconf 77' lang='lat' dir='ltr'>An.</span> <span class='ocrx_word' id='word_1_913' title='bbox 2446 1875 2492 1903; x_wconf 79' lang='lat'>¹4·</span> 
     </span>
    </p>
   </div>
   <div class='ocr_carea' id='block_1_52' title="bbox 1295 1903 2358 1943">
    <p class='ocr_par' dir='ltr' id='par_1_87' title="bbox 1295 1903 2358 1943">
     <span class='ocr_line' id='line_1_187' title="bbox 1295 1903 2358 1943; baseline -0.001 -9"><span class='ocrx_word' id='word_1_914' title='bbox 1295 1904 1503 1942; x_wconf 80' lang='lat' dir='ltr'>Luxemburgiae</span> <span class='ocrx_word' id='word_1_915' title='bbox 1510 1927 1520 1943; x_wconf 87' lang='lat'>‚</span> <span class='ocrx_word' id='word_1_916' title='bbox 1548 1906 1589 1933; x_wconf 92' lang='lat' dir='ltr'><em>W</em></span> <span class='ocrx_word' id='word_1_917' title='bbox 1588 1903 1794 1942; x_wconf 54' lang='lat' dir='ltr'>iertemhrghe,</span> <span class='ocrx_word' id='word_1_918' title='bbox 1811 1903 1872 1939; x_wconf 57' lang='lat' dir='ltr'>&amp;ax</span> <span class='ocrx_word' id='word_1_919' title='bbox 1898 1904 1927 1935; x_wconf 91' lang='lat' dir='ltr'>C</span> <span class='ocrx_word' id='word_1_920' title='bbox 1936 1914 1956 1934; x_wconf 90' lang='grc' dir='ltr'>ο</span> <span class='ocrx_word' id='word_1_921' title='bbox 1965 1912 1993 1934; x_wconf 92' lang='grc' dir='ltr'><strong>Μ</strong></span> <span class='ocrx_word' id='word_1_922' title='bbox 2002 1914 2019 1934; x_wconf 82' lang='grc' dir='ltr'>Ε</span> <span class='ocrx_word' id='word_1_923' title='bbox 2027 1914 2040 1934; x_wconf 90' lang='lat' dir='ltr'>s</span> <span class='ocrx_word' id='word_1_924' title='bbox 2064 1903 2220 1943; x_wconf 80' lang='lat' dir='ltr'>Flandriae,</span> <span class='ocrx_word' id='word_1_925' title='bbox 2245 1903 2358 1943; x_wconf 67' lang='lat' dir='ltr'>Urolis,</span> 
     </span>
    </p>
   </div>
   <div class='ocr_carea' id='block_1_53' title="bbox 2378 1905 2459 1935">
    <p class='ocr_par' dir='ltr' id='par_1_88' title="bbox 2378 1905 2459 1935">
     <span class='ocr_line' id='line_1_188' title="bbox 2378 1905 2459 1935; baseline 0.025 -2"><span class='ocrx_word' id='word_1_926' title='bbox 2378 1910 2411 1933; x_wconf 73' lang='lat' dir='ltr'>rr.</span> <span class='ocrx_word' id='word_1_927' title='bbox 2432 1905 2459 1935; x_wconf 91' lang='lat'>8.</span> 
     </span>
    </p>
   </div>
   <div class='ocr_carea' id='block_1_54' title="bbox 1295 1941 2493 2022">
    <p class='ocr_par' dir='ltr' id='par_1_89' title="bbox 1295 1941 2493 2022">
     <span class='ocr_line' id='line_1_189' title="bbox 1295 1941 2493 1983; baseline -0.001 -11"><span class='ocrx_word' id='word_1_928' title='bbox 1295 1942 1423 1983; x_wconf 81' lang='lat' dir='ltr'>Arthefii</span> <span class='ocrx_word' id='word_1_929' title='bbox 1432 1966 1441 1981; x_wconf 83' lang='grc'>,</span> <span class='ocrx_word' id='word_1_930' title='bbox 1468 1943 1633 1980; x_wconf 77' lang='lat' dir='ltr'>Burgundiae</span> <span class='ocrx_word' id='word_1_931' title='bbox 1642 1965 1652 1981; x_wconf 84' lang='lat'>,</span> <span class='ocrx_word' id='word_1_932' title='bbox 1678 1942 1702 1973; x_wconf 89' lang='grc' dir='ltr'>Ρ</span> <span class='ocrx_word' id='word_1_933' title='bbox 1711 1952 1729 1972; x_wconf 85' lang='grc' dir='ltr'><em>Α</em></span> <span class='ocrx_word' id='word_1_934' title='bbox 1739 1951 1760 1973; x_wconf 82' lang='lat'>1..</span> <span class='ocrx_word' id='word_1_935' title='bbox 1772 1953 1791 1973; x_wconf 80' lang='grc' dir='ltr'><strong>Α</strong></span> <span class='ocrx_word' id='word_1_936' title='bbox 1801 1952 1825 1973; x_wconf 86' lang='lat' dir='ltr'>T</span> <span class='ocrx_word' id='word_1_937' title='bbox 1833 1952 1844 1973; x_wconf 91' lang='lat'>1</span> <span class='ocrx_word' id='word_1_938' title='bbox 1855 1951 1877 1972; x_wconf 91' lang='lat' dir='ltr'>N</span> <span class='ocrx_word' id='word_1_939' title='bbox 1886 1951 1909 1973; x_wconf 82' lang='grc' dir='ltr'>υ</span> <span class='ocrx_word' id='word_1_940' title='bbox 1920 1953 1930 1972; x_wconf 85' lang='lat' dir='ltr'>s</span> <span class='ocrx_word' id='word_1_941' title='bbox 1948 1945 2084 1973; x_wconf 79' lang='lat' dir='ltr'>Hanoniae</span> <span class='ocrx_word' id='word_1_942' title='bbox 2092 1966 2102 1982; x_wconf 78' lang='lat'>,</span> <span class='ocrx_word' id='word_1_943' title='bbox 2125 1945 2258 1972; x_wconf 79' lang='lat' dir='ltr'>Namurci</span> <span class='ocrx_word' id='word_1_944' title='bbox 2266 1967 2275 1981; x_wconf 90' lang='lat'>,</span> <span class='ocrx_word' id='word_1_945' title='bbox 2296 1941 2357 1976; x_wconf 61' lang='lat' dir='ltr'>&amp;a</span> <span class='ocrx_word' id='word_1_946' title='bbox 2376 1947 2417 1972; x_wconf 76' lang='lat' dir='ltr'>Ex</span> <span class='ocrx_word' id='word_1_947' title='bbox 2431 1946 2493 1978; x_wconf 44' lang='lat' dir='ltr'>Aua,</span> 
     </span>
     <span class='ocr_line' id='line_1_190' title="bbox 1295 1979 2445 2022; baseline -0.003 -9"><span class='ocrx_word' id='word_1_948' title='bbox 1295 1982 1351 2014; x_wconf 78' lang='lat' dir='ltr'>LA</span> <span class='ocrx_word' id='word_1_949' title='bbox 1363 1991 1386 2012; x_wconf 83' lang='lat' dir='ltr'>N</span> <span class='ocrx_word' id='word_1_950' title='bbox 1398 1990 1484 2012; x_wconf 81' lang='lat' dir='ltr'>TGR</span> <span class='ocrx_word' id='word_1_951' title='bbox 1496 1990 1613 2012; x_wconf 65' lang='lat' dir='ltr'>avlus</span> <span class='ocrx_word' id='word_1_952' title='bbox 1636 1979 1778 2020; x_wconf 74' lang='lat' dir='ltr'>Alfhtiae,</span> <span class='ocrx_word' id='word_1_953' title='bbox 1808 1981 1975 2012; x_wconf 61' lang='lat' dir='ltr'>Punici:</span> <span class='ocrx_word' id='word_1_954' title='bbox 1987 1990 2026 2012; x_wconf 73' lang='lat' dir='ltr'>ps</span> <span class='ocrx_word' id='word_1_955' title='bbox 2047 1984 2170 2022; x_wconf 81' lang='lat' dir='ltr'>Sueviae,</span> <span class='ocrx_word' id='word_1_956' title='bbox 2194 1982 2254 2017; x_wconf 84' lang='lat' dir='ltr'>&amp;c.</span> <span class='ocrx_word' id='word_1_957' title='bbox 2281 1979 2359 2013; x_wconf 88' lang='lat' dir='ltr'>Do·</span> <span class='ocrx_word' id='word_1_958' title='bbox 2375 1989 2445 2020; x_wconf 51' lang='lat' dir='ltr'>regri</span> 
     </span>
    </p>
   </div>
   <div class='ocr_carea' id='block_1_55' title="bbox 1291 2018 2364 4034">
    <p class='ocr_par' dir='ltr' id='par_1_90' title="bbox 1295 2018 1770 2060">
     <span class='ocr_line' id='line_1_191' title="bbox 1295 2018 1770 2060; baseline 0 -9"><span class='ocrx_word' id='word_1_959' title='bbox 1295 2029 1324 2052; x_wconf 84' lang='lat' dir='ltr'>M</span> <span class='ocrx_word' id='word_1_960' title='bbox 1335 2030 1343 2050; x_wconf 77' lang='grc' dir='ltr'>Ι</span> <span class='ocrx_word' id='word_1_961' title='bbox 1356 2029 1378 2051; x_wconf 80' lang='lat' dir='ltr'>N</span> <span class='ocrx_word' id='word_1_962' title='bbox 1388 2029 1410 2051; x_wconf 83' lang='lat' dir='ltr'>U</span> <span class='ocrx_word' id='word_1_963' title='bbox 1421 2031 1432 2050; x_wconf 88' lang='lat' dir='ltr'>s</span> <span class='ocrx_word' id='word_1_964' title='bbox 1449 2024 1479 2050; x_wconf 85' lang='lat' dir='ltr'>in</span> <span class='ocrx_word' id='word_1_965' title='bbox 1493 2019 1566 2060; x_wconf 77' lang='lat' dir='ltr'>Asta</span> <span class='ocrx_word' id='word_1_966' title='bbox 1580 2018 1617 2054; x_wconf 60' lang='grc' dir='ltr'><strong><em>ὠ</em></strong></span> <span class='ocrx_word' id='word_1_967' title='bbox 1634 2019 1770 2058; x_wconf 81' lang='lat' dir='ltr'>Aphrica.</span> 
     </span>
    </p>

    <p class='ocr_par' dir='ltr' id='par_1_91' title="bbox 1291 2058 2364 2745">
     <span class='ocr_line' id='line_1_192' title="bbox 1332 2058 2359 2099; baseline 0.004 -10"><span class='ocrx_word' id='word_1_968' title='bbox 1332 2058 1413 2089; x_wconf 79' lang='lat' dir='ltr'>Cum</span> <span class='ocrx_word' id='word_1_969' title='bbox 1436 2058 1697 2090; x_wconf 85' lang='lat' dir='ltr'>Reverendiffimus</span> <span class='ocrx_word' id='word_1_970' title='bbox 1722 2060 1752 2089; x_wconf 86' lang='lat' dir='ltr'>in</span> <span class='ocrx_word' id='word_1_971' title='bbox 1772 2058 1891 2090; x_wconf 84' lang='lat' dir='ltr'>Christo</span> <span class='ocrx_word' id='word_1_972' title='bbox 1909 2058 1992 2090; x_wconf 89' lang='lat' dir='ltr'>Pater</span> <span class='ocrx_word' id='word_1_973' title='bbox 2012 2058 2147 2099; x_wconf 82' lang='lat' dir='ltr'>Thomas,</span> <span class='ocrx_word' id='word_1_974' title='bbox 2171 2058 2359 2093; x_wconf 81' lang='lat' dir='ltr'>Miseratione</span> 
     </span>
     <span class='ocr_line' id='line_1_193' title="bbox 1293 2096 2360 2140; baseline 0.002 -12"><span class='ocrx_word' id='word_1_975' title='bbox 1293 2096 1405 2129; x_wconf 58' lang='lat' dir='ltr'>Divina</span> <span class='ocrx_word' id='word_1_976' title='bbox 1416 2120 1425 2136; x_wconf 86' lang='lat'>‚</span> <span class='ocrx_word' id='word_1_977' title='bbox 1442 2097 1528 2128; x_wconf 77' lang='lat' dir='ltr'>Tituli</span> <span class='ocrx_word' id='word_1_978' title='bbox 1544 2099 1654 2127; x_wconf 64' lang='lat' dir='ltr'>SancJae</span> <span class='ocrx_word' id='word_1_979' title='bbox 1671 2097 1774 2128; x_wconf 81' lang='lat' dir='ltr'>Ceciliae</span> <span class='ocrx_word' id='word_1_980' title='bbox 1792 2097 1976 2137; x_wconf 63' lang='lat' dir='ltr'>Sacrofimllae</span> <span class='ocrx_word' id='word_1_981' title='bbox 1991 2100 2120 2129; x_wconf 77' lang='lat' dir='ltr'>Romame</span> <span class='ocrx_word' id='word_1_982' title='bbox 2137 2097 2261 2140; x_wconf 74' lang='lat' dir='ltr'>Ecclefiae</span> <span class='ocrx_word' id='word_1_983' title='bbox 2277 2101 2360 2130; x_wconf 84' lang='lat' dir='ltr'>Pres-</span> 
     </span>
     <span class='ocr_line' id='line_1_194' title="bbox 1295 2136 2362 2177; baseline 0.003 -11"><span class='ocrx_word' id='word_1_984' title='bbox 1295 2137 1370 2177; x_wconf 83' lang='lat' dir='ltr'>byter</span> <span class='ocrx_word' id='word_1_985' title='bbox 1389 2136 1542 2166; x_wconf 79' lang='lat' dir='ltr'>cardinalis</span> <span class='ocrx_word' id='word_1_986' title='bbox 1565 2136 1756 2177; x_wconf 80' lang='lat' dir='ltr'>Eboracenfis,</span> <span class='ocrx_word' id='word_1_987' title='bbox 1774 2137 1872 2167; x_wconf 87' lang='lat' dir='ltr'>Felicis</span> <span class='ocrx_word' id='word_1_988' title='bbox 1887 2137 2126 2176; x_wconf 86' lang='lat' dir='ltr'>Recordationis,</span> <span class='ocrx_word' id='word_1_989' title='bbox 2148 2137 2273 2168; x_wconf 84' lang='lat' dir='ltr'>Domini</span> <span class='ocrx_word' id='word_1_990' title='bbox 2288 2141 2362 2169; x_wconf 83' lang='lat' dir='ltr'>Leo·</span> 
     </span>
     <span class='ocr_line' id='line_1_195' title="bbox 1293 2175 2360 2214; baseline 0.003 -9"><span class='ocrx_word' id='word_1_991' title='bbox 1293 2180 1335 2205; x_wconf 73' lang='lat' dir='ltr'>nis</span> <span class='ocrx_word' id='word_1_992' title='bbox 1354 2185 1443 2214; x_wconf 86' lang='lat' dir='ltr'>nuper</span> <span class='ocrx_word' id='word_1_993' title='bbox 1460 2176 1535 2206; x_wconf 84' lang='lat' dir='ltr'>istius</span> <span class='ocrx_word' id='word_1_994' title='bbox 1547 2176 1671 2205; x_wconf 80' lang='lat' dir='ltr'>nominis</span> <span class='ocrx_word' id='word_1_995' title='bbox 1690 2178 1772 2214; x_wconf 83' lang='lat' dir='ltr'>Papae</span> <span class='ocrx_word' id='word_1_996' title='bbox 1786 2178 1890 2206; x_wconf 78' lang='lat' dir='ltr'>Decimi</span> <span class='ocrx_word' id='word_1_997' title='bbox 1905 2177 1937 2208; x_wconf 68' lang='grc' dir='ltr'>ὃς</span> <span class='ocrx_word' id='word_1_998' title='bbox 1953 2176 2130 2214; x_wconf 84' lang='lat' dir='ltr'>Apostolicae</span> <span class='ocrx_word' id='word_1_999' title='bbox 2150 2175 2229 2207; x_wconf 91' lang='lat' dir='ltr'>Sedis</span> <span class='ocrx_word' id='word_1_1000' title='bbox 2245 2177 2281 2208; x_wconf 90' lang='lat' dir='ltr'>de</span> <span class='ocrx_word' id='word_1_1001' title='bbox 2303 2178 2360 2208; x_wconf 82' lang='lat' dir='ltr'>La-</span> 
     </span>
     <span class='ocr_line' id='line_1_196' title="bbox 1292 2214 2358 2255; baseline 0.001 -11"><span class='ocrx_word' id='word_1_1002' title='bbox 1292 2222 1350 2244; x_wconf 85' lang='lat' dir='ltr'>tere</span> <span class='ocrx_word' id='word_1_1003' title='bbox 1372 2214 1512 2252; x_wconf 74' lang='lat' dir='ltr'>Legatus‚</span> <span class='ocrx_word' id='word_1_1004' title='bbox 1531 2215 1649 2244; x_wconf 88' lang='lat' dir='ltr'>Amicus</span> <span class='ocrx_word' id='word_1_1005' title='bbox 1667 2214 1758 2244; x_wconf 84' lang='lat' dir='ltr'>noster</span> <span class='ocrx_word' id='word_1_1006' title='bbox 1783 2214 1967 2252; x_wconf 60' lang='lat' dir='ltr'>Cariffimus,</span> <span class='ocrx_word' id='word_1_1007' title='bbox 1986 2224 2021 2244; x_wconf 87' lang='lat' dir='ltr'>ex</span> <span class='ocrx_word' id='word_1_1008' title='bbox 2036 2214 2224 2246; x_wconf 90' lang='lat' dir='ltr'>Pensionibus</span> <span class='ocrx_word' id='word_1_1009' title='bbox 2239 2214 2358 2255; x_wconf 87' lang='lat' dir='ltr'>Episco-</span> 
     </span>
     <span class='ocr_line' id='line_1_197' title="bbox 1293 2251 2359 2290; baseline 0 -7"><span class='ocrx_word' id='word_1_1010' title='bbox 1293 2253 1373 2290; x_wconf 70' lang='lat' dir='ltr'>patus</span> <span class='ocrx_word' id='word_1_1011' title='bbox 1386 2253 1575 2283; x_wconf 77' lang='lat' dir='ltr'>Tornacensis</span> <span class='ocrx_word' id='word_1_1012' title='bbox 1588 2253 1620 2283; x_wconf 89' lang='lat'>&amp;</span> <span class='ocrx_word' id='word_1_1013' title='bbox 1636 2252 1812 2290; x_wconf 72' lang='lat' dir='ltr'>quorundam</span> <span class='ocrx_word' id='word_1_1014' title='bbox 1830 2251 2074 2282; x_wconf 84' lang='lat' dir='ltr'>Monasteriorum</span> <span class='ocrx_word' id='word_1_1015' title='bbox 2090 2254 2119 2282; x_wconf 90' lang='lat' dir='ltr'>in</span> <span class='ocrx_word' id='word_1_1016' title='bbox 2133 2252 2260 2283; x_wconf 83' lang='lat' dir='ltr'>Dioecefi</span> <span class='ocrx_word' id='word_1_1017' title='bbox 2276 2253 2359 2283; x_wconf 79' lang='lat' dir='ltr'>Tor-⁵</span> 
     </span>
     <span class='ocr_line' id='line_1_198' title="bbox 1293 2289 2360 2328; baseline 0.002 -8"><span class='ocrx_word' id='word_1_1018' title='bbox 1293 2291 1404 2321; x_wconf 82' lang='lat' dir='ltr'>nacenfi</span> <span class='ocrx_word' id='word_1_1019' title='bbox 1421 2291 1619 2328; x_wconf 81' lang='lat' dir='ltr'>existentium,</span> <span class='ocrx_word' id='word_1_1020' title='bbox 1639 2300 1759 2328; x_wconf 85' lang='lat' dir='ltr'>quorum</span> <span class='ocrx_word' id='word_1_1021' title='bbox 1782 2290 1999 2321; x_wconf 79' lang='lat' dir='ltr'>Administratio</span> <span class='ocrx_word' id='word_1_1022' title='bbox 2018 2291 2052 2321; x_wconf 91' lang='lat'>&amp;</span> <span class='ocrx_word' id='word_1_1023' title='bbox 2074 2289 2258 2321; x_wconf 87' lang='lat' dir='ltr'>Commenda</span> <span class='ocrx_word' id='word_1_1024' title='bbox 2281 2291 2360 2323; x_wconf 88' lang='lat' dir='ltr'>suffi-</span> 
     </span>
     <span class='ocr_line' id='line_1_199' title="bbox 1293 2328 2359 2368; baseline 0.003 -10"><span class='ocrx_word' id='word_1_1025' title='bbox 1293 2330 1381 2359; x_wconf 83' lang='lat' dir='ltr'>cienti</span> <span class='ocrx_word' id='word_1_1026' title='bbox 1398 2328 1576 2360; x_wconf 65' lang='lat' dir='ltr'>Auctoritate</span> <span class='ocrx_word' id='word_1_1027' title='bbox 1601 2329 1650 2359; x_wconf 84' lang='lat' dir='ltr'>sibi</span> <span class='ocrx_word' id='word_1_1028' title='bbox 1673 2329 1761 2358; x_wconf 84' lang='lat' dir='ltr'>fuerat</span> <span class='ocrx_word' id='word_1_1029' title='bbox 1785 2328 1957 2367; x_wconf 73' lang='lat' dir='ltr'>commissa,</span> <span class='ocrx_word' id='word_1_1030' title='bbox 1976 2328 2088 2367; x_wconf 85' lang='lat' dir='ltr'>postea,</span> <span class='ocrx_word' id='word_1_1031' title='bbox 2107 2329 2359 2368; x_wconf 73' lang='lat' dir='ltr'>contemplatione</span> 
     </span>
     <span class='ocr_line' id='line_1_200' title="bbox 1291 2366 2358 2406; baseline 0.004 -10"><span class='ocrx_word' id='word_1_1032' title='bbox 1291 2370 1426 2406; x_wconf 80' lang='lat' dir='ltr'>FranciJci</span> <span class='ocrx_word' id='word_1_1033' title='bbox 1440 2366 1582 2396; x_wconf 87' lang='lat' dir='ltr'>Gallorum</span> <span class='ocrx_word' id='word_1_1034' title='bbox 1595 2370 1673 2404; x_wconf 85' lang='lat' dir='ltr'>Regis</span> <span class='ocrx_word' id='word_1_1035' title='bbox 1689 2366 1801 2405; x_wconf 82' lang='lat' dir='ltr'>aliisque</span> <span class='ocrx_word' id='word_1_1036' title='bbox 1817 2366 2100 2398; x_wconf 85' lang='lat' dir='ltr'>Considerationibus</span> <span class='ocrx_word' id='word_1_1037' title='bbox 2118 2367 2257 2401; x_wconf 85' lang='lat' dir='ltr'>Animum</span> <span class='ocrx_word' id='word_1_1038' title='bbox 2275 2368 2358 2400; x_wconf 88' lang='lat' dir='ltr'>suurn</span> 
     </span>
     <span class='ocr_line' id='line_1_201' title="bbox 1291 2404 2358 2444; baseline 0.005 -10"><span class='ocrx_word' id='word_1_1039' title='bbox 1291 2405 1326 2434; x_wconf 89' lang='lat' dir='ltr'>ad</span> <span class='ocrx_word' id='word_1_1040' title='bbox 1349 2406 1406 2435; x_wconf 86' lang='lat' dir='ltr'>hoc</span> <span class='ocrx_word' id='word_1_1041' title='bbox 1433 2406 1614 2436; x_wconf 86' lang='lat' dir='ltr'>moventibus</span> <span class='ocrx_word' id='word_1_1042' title='bbox 1672 2405 1817 2435; x_wconf 72' lang='lat' dir='ltr'>dierorum</span> <span class='ocrx_word' id='word_1_1043' title='bbox 1841 2404 2029 2444; x_wconf 65' lang='lat' dir='ltr'>Episcopatus</span> <span class='ocrx_word' id='word_1_1044' title='bbox 2051 2407 2084 2436; x_wconf 72' lang='grc' dir='ltr'>ὃ(</span> <span class='ocrx_word' id='word_1_1045' title='bbox 2107 2405 2358 2439; x_wconf 82' lang='lat' dir='ltr'>Monasteriorum</span> 
     </span>
     <span class='ocr_line' id='line_1_202' title="bbox 1292 2428 2360 2487; baseline 0.004 -14"><span class='ocrx_word' id='word_1_1046' title='bbox 1292 2443 1541 2474; x_wconf 87' lang='lat' dir='ltr'>Administrationi</span> <span class='ocrx_word' id='word_1_1047' title='bbox 1563 2445 1595 2475; x_wconf 93' lang='lat'>&amp;</span> <span class='ocrx_word' id='word_1_1048' title='bbox 1617 2428 1813 2487; x_wconf 55' lang='lat' dir='ltr'>Commendat</span> <span class='ocrx_word' id='word_1_1049' title='bbox 1828 2444 1926 2486; x_wconf 73' lang='lat' dir='ltr'>sponte</span> <span class='ocrx_word' id='word_1_1050' title='bbox 1951 2444 2139 2475; x_wconf 85' lang='lat' dir='ltr'>renunciasset</span> <span class='ocrx_word' id='word_1_1051' title='bbox 2152 2467 2163 2483; x_wconf 84' lang='lat'>‚</span> <span class='ocrx_word' id='word_1_1052' title='bbox 2195 2446 2232 2475; x_wconf 88' lang='lat' dir='ltr'>ab</span> <span class='ocrx_word' id='word_1_1053' title='bbox 2253 2447 2360 2477; x_wconf 85' lang='lat' dir='ltr'>eodem</span> 
     </span>
     <span class='ocr_line' id='line_1_203' title="bbox 1292 2482 2360 2524; baseline 0.003 -12"><span class='ocrx_word' id='word_1_1054' title='bbox 1292 2482 1369 2512; x_wconf 89' lang='lat' dir='ltr'>Gall</span> <span class='ocrx_word' id='word_1_1055' title='bbox 1394 2482 1479 2520; x_wconf 85' lang='lat' dir='ltr'>Rege</span> <span class='ocrx_word' id='word_1_1056' title='bbox 1493 2483 1523 2512; x_wconf 88' lang='lat' dir='ltr'>in</span> <span class='ocrx_word' id='word_1_1057' title='bbox 1536 2482 1810 2520; x_wconf 87' lang='lat' dir='ltr'>Compensationem</span> <span class='ocrx_word' id='word_1_1058' title='bbox 1832 2483 1993 2522; x_wconf 77' lang='lat' dir='ltr'>hujusmodi</span> <span class='ocrx_word' id='word_1_1059' title='bbox 2015 2482 2255 2514; x_wconf 85' lang='lat' dir='ltr'>Renunciationis</span> <span class='ocrx_word' id='word_1_1060' title='bbox 2271 2495 2360 2524; x_wconf 77' lang='lat' dir='ltr'>quan-</span> 
     </span>
     <span class='ocr_line' id='line_1_204' title="bbox 1291 2520 2362 2561; baseline 0.005 -11"><span class='ocrx_word' id='word_1_1061' title='bbox 1291 2520 1359 2551; x_wconf 88' lang='lat' dir='ltr'>dam</span> <span class='ocrx_word' id='word_1_1062' title='bbox 1377 2521 1547 2552; x_wconf 72' lang='lat' dir='ltr'>Penfionem</span> <span class='ocrx_word' id='word_1_1063' title='bbox 1561 2531 1682 2551; x_wconf 63' lang='lat' dir='ltr'>annuam</span> <span class='ocrx_word' id='word_1_1064' title='bbox 1692 2521 1913 2551; x_wconf 77' lang='lat' dir='ltr'>NovemMilium</span> <span class='ocrx_word' id='word_1_1065' title='bbox 1921 2524 2099 2552; x_wconf 83' lang='lat' dir='ltr'>Coron.Auri</span> <span class='ocrx_word' id='word_1_1066' title='bbox 2117 2523 2149 2552; x_wconf 86' lang='lat' dir='ltr'>de</span> <span class='ocrx_word' id='word_1_1067' title='bbox 2163 2521 2220 2552; x_wconf 84' lang='lat' dir='ltr'>Sole</span> <span class='ocrx_word' id='word_1_1068' title='bbox 2234 2532 2362 2561; x_wconf 87' lang='lat' dir='ltr'>quotan-</span> 
     </span>
     <span class='ocr_line' id='line_1_205' title="bbox 1293 2559 2362 2600; baseline 0.005 -12"><span class='ocrx_word' id='word_1_1069' title='bbox 1293 2560 1335 2589; x_wconf 89' lang='lat' dir='ltr'>nis</span> <span class='ocrx_word' id='word_1_1070' title='bbox 1351 2561 1379 2590; x_wconf 92' lang='lat' dir='ltr'>in</span> <span class='ocrx_word' id='word_1_1071' title='bbox 1397 2560 1483 2591; x_wconf 87' lang='lat' dir='ltr'>Urbe</span> <span class='ocrx_word' id='word_1_1072' title='bbox 1492 2560 1654 2590; x_wconf 82' lang='lat' dir='ltr'>Londoniae</span> <span class='ocrx_word' id='word_1_1073' title='bbox 1671 2560 1714 2590; x_wconf 87' lang='lat' dir='ltr'>vel</span> <span class='ocrx_word' id='word_1_1074' title='bbox 1730 2559 1831 2597; x_wconf 90' lang='lat' dir='ltr'>Opido</span> <span class='ocrx_word' id='word_1_1075' title='bbox 1841 2560 1951 2591; x_wconf 74' lang='lat' dir='ltr'>Calisiae</span> <span class='ocrx_word' id='word_1_1076' title='bbox 1963 2562 2108 2600; x_wconf 75' lang='lat' dir='ltr'>percipere</span> <span class='ocrx_word' id='word_1_1077' title='bbox 2125 2560 2362 2600; x_wconf 86' lang='lat' dir='ltr'>consueverit,ac</span> 
     </span>
     <span class='ocr_line' id='line_1_206' title="bbox 1291 2598 2361 2640; baseline 0.002 -12"><span class='ocrx_word' id='word_1_1078' title='bbox 1291 2598 1370 2636; x_wconf 87' lang='lat' dir='ltr'>super</span> <span class='ocrx_word' id='word_1_1079' title='bbox 1386 2599 1547 2637; x_wconf 87' lang='lat' dir='ltr'>hujusmodi</span> <span class='ocrx_word' id='word_1_1080' title='bbox 1561 2598 1717 2637; x_wconf 68' lang='lat' dir='ltr'>Pefflione,</span> <span class='ocrx_word' id='word_1_1081' title='bbox 1735 2599 1852 2629; x_wconf 71' lang='lat' dir='ltr'>durante</span> <span class='ocrx_word' id='word_1_1082' title='bbox 1878 2598 1946 2629; x_wconf 66' lang='lat' dir='ltr'>Vita</span> <span class='ocrx_word' id='word_1_1083' title='bbox 1964 2603 1989 2637; x_wconf 83' lang='lat' dir='ltr'>ip</span> <span class='ocrx_word' id='word_1_1084' title='bbox 2000 2609 2040 2627; x_wconf 70' lang='lat' dir='ltr'>lus</span> <span class='ocrx_word' id='word_1_1085' title='bbox 2061 2599 2283 2640; x_wconf 79' lang='lat' dir='ltr'>Reverendiffims&#39;</span> <span class='ocrx_word' id='word_1_1086' title='bbox 2302 2603 2361 2630; x_wconf 90' lang='lat' dir='ltr'>Pa-</span> 
     </span>
     <span class='ocr_line' id='line_1_207' title="bbox 1293 2636 2362 2676; baseline 0.003 -9"><span class='ocrx_word' id='word_1_1087' title='bbox 1293 2639 1514 2675; x_wconf 75' lang='lat' dir='ltr'>tris-,annuatim</span> <span class='ocrx_word' id='word_1_1088' title='bbox 1531 2638 1581 2667; x_wconf 87' lang='lat' dir='ltr'>sibi</span> <span class='ocrx_word' id='word_1_1089' title='bbox 1594 2636 1710 2668; x_wconf 79' lang='lat' dir='ltr'>fideliter</span> <span class='ocrx_word' id='word_1_1090' title='bbox 1723 2637 1855 2668; x_wconf 74' lang='lat' dir='ltr'>solvenda</span> <span class='ocrx_word' id='word_1_1091' title='bbox 1872 2637 1976 2668; x_wconf 85' lang='lat' dir='ltr'>Literas</span> <span class='ocrx_word' id='word_1_1092' title='bbox 2012 2646 2115 2668; x_wconf 81' lang='lat' dir='ltr'>arentes</span> <span class='ocrx_word' id='word_1_1093' title='bbox 2128 2637 2235 2676; x_wconf 80' lang='lat' dir='ltr'>praefati</span> <span class='ocrx_word' id='word_1_1094' title='bbox 2244 2642 2362 2670; x_wconf 83' lang='lat' dir='ltr'>Franco-</span> 
     </span>
     <span class='ocr_line' id='line_1_208' title="bbox 1293 2675 2364 2745; baseline 0.005 -40"><span class='ocrx_word' id='word_1_1095' title='bbox 1293 2678 1437 2744; x_wconf 48' lang='lat' dir='ltr'>ruriiissegis</span> <span class='ocrx_word' id='word_1_1096' title='bbox 1448 2677 1501 2745; x_wconf 49' lang='lat' dir='ltr'>s{io</span> <span class='ocrx_word' id='word_1_1097' title='bbox 1512 2676 1620 2745; x_wconf 53' lang='lat' dir='ltr'>Mggss‘?</span> <span class='ocrx_word' id='word_1_1098' title='bbox 1628 2676 1727 2716; x_wconf 84' lang='lat' dir='ltr'>Sigillo</span> <span class='ocrx_word' id='word_1_1099' title='bbox 1741 2676 1865 2715; x_wconf 85' lang='lat' dir='ltr'>sigillatas</span> <span class='ocrx_word' id='word_1_1100' title='bbox 1873 2678 1906 2708; x_wconf 89' lang='lat'>&amp;</span> <span class='ocrx_word' id='word_1_1101' title='bbox 1916 2675 1962 2707; x_wconf 69' lang='lat' dir='ltr'>sua</span> <span class='ocrx_word' id='word_1_1102' title='bbox 1972 2676 2064 2707; x_wconf 87' lang='lat' dir='ltr'>Manu</span> <span class='ocrx_word' id='word_1_1103' title='bbox 2072 2676 2234 2716; x_wconf 82' lang='lat' dir='ltr'>subscriptas</span> <span class='ocrx_word' id='word_1_1104' title='bbox 2243 2678 2345 2710; x_wconf 84' lang='lat' dir='ltr'>habeat</span> <span class='ocrx_word' id='word_1_1105' title='bbox 2352 2699 2364 2717; x_wconf 85' lang='lat'>‚</span> 
     </span>
    </p>

    <p class='ocr_par' dir='ltr' id='par_1_92' title="bbox 1368 2725 1648 2745">
     <span class='ocr_line' id='line_1_209' title="bbox 1368 2725 1648 2745; baseline 0 0"><span class='ocrx_word' id='word_1_1106' title='bbox 1368 2725 1414 2745; x_wconf 84' lang='lat' dir='ltr'>inc</span> <span class='ocrx_word' id='word_1_1107' title='bbox 1429 2725 1444 2745; x_wconf 87' lang='lat' dir='ltr'>e</span> <span class='ocrx_word' id='word_1_1108' title='bbox 1503 2726 1543 2745; x_wconf 94' lang='lat' dir='ltr'>uo</span> <span class='ocrx_word' id='word_1_1109' title='bbox 1616 2725 1648 2745; x_wconf 88' lang='lat' dir='ltr'>os</span> 
     </span>
    </p>

    <p class='ocr_par' dir='ltr' id='par_1_93' title="bbox 1295 2726 2363 2948">
     <span class='ocr_line' id='line_1_210' title="bbox 1334 2726 2363 2793; baseline 0.004 -10"><span class='ocrx_word' id='word_1_1110' title='bbox 1334 2753 1467 2792; x_wconf 89' lang='lat' dir='ltr'>Ejusdem</span> <span class='ocrx_word' id='word_1_1111' title='bbox 1483 2726 1705 2793; x_wconf 54' lang='lat' dir='ltr'>cll?everendiffinu&#39;</span> <span class='ocrx_word' id='word_1_1112' title='bbox 1714 2756 1807 2784; x_wconf 80' lang='lat' dir='ltr'>Patris</span> <span class='ocrx_word' id='word_1_1113' title='bbox 1822 2752 1990 2784; x_wconf 87' lang='lat' dir='ltr'>benivolum</span> <span class='ocrx_word' id='word_1_1114' title='bbox 2010 2754 2038 2784; x_wconf 90' lang='lat' dir='ltr'>in</span> <span class='ocrx_word' id='word_1_1115' title='bbox 2047 2754 2116 2784; x_wconf 91' lang='lat' dir='ltr'>Nos</span> <span class='ocrx_word' id='word_1_1116' title='bbox 2130 2754 2272 2785; x_wconf 87' lang='lat' dir='ltr'>Animum</span> <span class='ocrx_word' id='word_1_1117' title='bbox 2288 2766 2363 2787; x_wconf 89' lang='lat' dir='ltr'>con-</span> 
     </span>
     <span class='ocr_line' id='line_1_211' title="bbox 1296 2791 2363 2831; baseline 0.003 -8"><span class='ocrx_word' id='word_1_1118' title='bbox 1296 2791 1460 2831; x_wconf 74' lang='lat' dir='ltr'>siderantes,</span> <span class='ocrx_word' id='word_1_1119' title='bbox 1481 2801 1511 2823; x_wconf 91' lang='lat' dir='ltr'>ut</span> <span class='ocrx_word' id='word_1_1120' title='bbox 1533 2793 1610 2823; x_wconf 86' lang='lat' dir='ltr'>suam</span> <span class='ocrx_word' id='word_1_1121' title='bbox 1631 2792 1789 2823; x_wconf 86' lang='lat' dir='ltr'>hu&#39;usmodi</span> <span class='ocrx_word' id='word_1_1122' title='bbox 1819 2792 2032 2823; x_wconf 87' lang='lat' dir='ltr'>Gratitudinem</span> <span class='ocrx_word' id='word_1_1123' title='bbox 2057 2793 2157 2823; x_wconf 66' lang='lat' dir='ltr'>mutua</span> <span class='ocrx_word' id='word_1_1124' title='bbox 2187 2794 2363 2826; x_wconf 84' lang='lat' dir='ltr'>humanitate</span> 
     </span>
     <span class='ocr_line' id='line_1_212' title="bbox 1295 2829 2362 2871; baseline 0.003 -11"><span class='ocrx_word' id='word_1_1125' title='bbox 1295 2835 1513 2871; x_wconf 79' lang='lat' dir='ltr'>prolequamur‚</span> <span class='ocrx_word' id='word_1_1126' title='bbox 1531 2832 1601 2862; x_wconf 78' lang='lat' dir='ltr'>cum</span> <span class='ocrx_word' id='word_1_1127' title='bbox 1617 2833 1663 2862; x_wconf 92' lang='lat' dir='ltr'>nic</span> <span class='ocrx_word' id='word_1_1128' title='bbox 1686 2832 1704 2861; x_wconf 90' lang='lat' dir='ltr'>il</span> <span class='ocrx_word' id='word_1_1129' title='bbox 1720 2832 1808 2870; x_wconf 85' lang='lat' dir='ltr'>magis</span> <span class='ocrx_word' id='word_1_1130' title='bbox 1821 2831 1948 2862; x_wconf 89' lang='lat' dir='ltr'>nostram</span> <span class='ocrx_word' id='word_1_1131' title='bbox 1968 2829 2145 2869; x_wconf 85' lang='lat' dir='ltr'>Majestatem</span> <span class='ocrx_word' id='word_1_1132' title='bbox 2161 2831 2260 2862; x_wconf 87' lang='lat' dir='ltr'>deceat</span> <span class='ocrx_word' id='word_1_1133' title='bbox 2273 2834 2362 2870; x_wconf 70' lang='lat' dir='ltr'>quam</span> 
     </span>
     <span class='ocr_line' id='line_1_213' title="bbox 1299 2870 2359 2909; baseline 0.003 -10"><span class='ocrx_word' id='word_1_1134' title='bbox 1299 2870 1499 2901; x_wconf 74' lang='lat' dir='ltr'>Munificentiz&#39;i</span> <span class='ocrx_word' id='word_1_1135' title='bbox 1521 2880 1534 2900; x_wconf 83' lang='lat' dir='ltr'>a</span> <span class='ocrx_word' id='word_1_1136' title='bbox 1556 2872 1671 2900; x_wconf 89' lang='lat' dir='ltr'>nemine</span> <span class='ocrx_word' id='word_1_1137' title='bbox 1693 2870 1836 2909; x_wconf 83' lang='lat' dir='ltr'>superari,</span> <span class='ocrx_word' id='word_1_1138' title='bbox 1862 2870 1896 2901; x_wconf 89' lang='lat'>&amp;</span> <span class='ocrx_word' id='word_1_1139' title='bbox 1921 2870 1957 2899; x_wconf 71' lang='lat' dir='ltr'>rie</span> <span class='ocrx_word' id='word_1_1140' title='bbox 1978 2870 2034 2907; x_wconf 70' lang='lat' dir='ltr'>ipse</span> <span class='ocrx_word' id='word_1_1141' title='bbox 2063 2870 2220 2900; x_wconf 77' lang='lat' dir='ltr'>Reverendi</span> <span class='ocrx_word' id='word_1_1142' title='bbox 2249 2881 2306 2900; x_wconf 83' lang='lat' dir='ltr'>mus</span> <span class='ocrx_word' id='word_1_1143' title='bbox 2327 2874 2359 2902; x_wconf 76' lang='lat' dir='ltr'>in</span> 
     </span>
     <span class='ocr_line' id='line_1_214' title="bbox 1298 2907 2075 2948; baseline 0 -10"><span class='ocrx_word' id='word_1_1144' title='bbox 1298 2907 1401 2948; x_wconf 78' lang='lat' dir='ltr'>Christo</span> <span class='ocrx_word' id='word_1_1145' title='bbox 1420 2912 1505 2939; x_wconf 84' lang='lat' dir='ltr'>Pater</span> <span class='ocrx_word' id='word_1_1146' title='bbox 1527 2918 1581 2946; x_wconf 86' lang='lat' dir='ltr'>pro</span> <span class='ocrx_word' id='word_1_1147' title='bbox 1598 2908 1743 2940; x_wconf 86' lang='lat' dir='ltr'>Beneficio</span> <span class='ocrx_word' id='word_1_1148' title='bbox 1762 2908 1928 2945; x_wconf 84' lang='lat' dir='ltr'>Dampnum</span> <span class='ocrx_word' id='word_1_1149' title='bbox 1942 2910 2075 2948; x_wconf 81' lang='lat' dir='ltr'>patiatur,</span> 
     </span>
    </p>

    <p class='ocr_par' dir='ltr' id='par_1_94' title="bbox 1296 2946 2361 3374">
     <span class='ocr_line' id='line_1_215' title="bbox 1334 2946 2359 2986; baseline 0.002 -9"><span class='ocrx_word' id='word_1_1150' title='bbox 1334 2946 1488 2985; x_wconf 81' lang='lat' dir='ltr'>Cupientes</span> <span class='ocrx_word' id='word_1_1151' title='bbox 1506 2947 1576 2977; x_wconf 88' lang='lat' dir='ltr'>illius</span> <span class='ocrx_word' id='word_1_1152' title='bbox 1597 2947 1800 2986; x_wconf 76' lang='lat' dir='ltr'>indempnitati</span> <span class='ocrx_word' id='word_1_1153' title='bbox 1822 2946 1970 2985; x_wconf 85' lang='lat' dir='ltr'>providere</span> <span class='ocrx_word' id='word_1_1154' title='bbox 1981 2969 1990 2984; x_wconf 84' lang='lat'>,</span> <span class='ocrx_word' id='word_1_1155' title='bbox 2005 2956 2039 2977; x_wconf 87' lang='lat' dir='ltr'>ex</span> <span class='ocrx_word' id='word_1_1156' title='bbox 2055 2955 2136 2976; x_wconf 84' lang='lat' dir='ltr'>mero</span> <span class='ocrx_word' id='word_1_1157' title='bbox 2152 2946 2242 2978; x_wconf 89' lang='lat' dir='ltr'>Motu</span> <span class='ocrx_word' id='word_1_1158' title='bbox 2257 2947 2359 2979; x_wconf 82' lang='lat' dir='ltr'>nostro</span> 
     </span>
     <span class='ocr_line' id='line_1_216' title="bbox 1297 2985 2360 3026; baseline -0.001 -8"><span class='ocrx_word' id='word_1_1159' title='bbox 1297 2986 1330 3018; x_wconf 89' lang='lat'>&amp;</span> <span class='ocrx_word' id='word_1_1160' title='bbox 1346 2995 1375 3016; x_wconf 91' lang='lat' dir='ltr'>ut</span> <span class='ocrx_word' id='word_1_1161' title='bbox 1391 2987 1472 3025; x_wconf 82' lang='lat' dir='ltr'>ipiius</span> <span class='ocrx_word' id='word_1_1162' title='bbox 1486 2987 1705 3026; x_wconf 84' lang='lat' dir='ltr'>Reverendiffimi</span> <span class='ocrx_word' id='word_1_1163' title='bbox 1720 2989 1815 3016; x_wconf 86' lang='lat' dir='ltr'>Patris</span> <span class='ocrx_word' id='word_1_1164' title='bbox 1836 2994 1946 3024; x_wconf 86' lang='lat' dir='ltr'>gratum</span> <span class='ocrx_word' id='word_1_1165' title='bbox 1962 2994 2024 3024; x_wconf 86' lang='lat' dir='ltr'>erga</span> <span class='ocrx_word' id='word_1_1166' title='bbox 2048 2985 2117 3016; x_wconf 90' lang='lat' dir='ltr'>Nos</span> <span class='ocrx_word' id='word_1_1167' title='bbox 2132 2985 2274 3017; x_wconf 90' lang='lat' dir='ltr'>Animum</span> <span class='ocrx_word' id='word_1_1168' title='bbox 2292 2997 2360 3025; x_wconf 87' lang='lat' dir='ltr'>pro-</span> 
     </span>
     <span class='ocr_line' id='line_1_217' title="bbox 1297 3023 2359 3063; baseline 0.001 -8"><span class='ocrx_word' id='word_1_1169' title='bbox 1297 3034 1472 3063; x_wconf 82' lang='lat' dir='ltr'>mereamur,</span> <span class='ocrx_word' id='word_1_1170' title='bbox 1490 3025 1597 3056; x_wconf 63' lang='lat' dir='ltr'>dietam</span> <span class='ocrx_word' id='word_1_1171' title='bbox 1613 3026 1764 3056; x_wconf 86' lang='lat' dir='ltr'>Summam</span> <span class='ocrx_word' id='word_1_1172' title='bbox 1783 3025 1893 3054; x_wconf 87' lang='lat' dir='ltr'>Novem</span> <span class='ocrx_word' id='word_1_1173' title='bbox 1915 3023 2025 3054; x_wconf 72' lang='lat' dir='ltr'>Milium</span> <span class='ocrx_word' id='word_1_1174' title='bbox 2046 3027 2208 3054; x_wconf 84' lang='lat' dir='ltr'>Coronarum</span> <span class='ocrx_word' id='word_1_1175' title='bbox 2225 3028 2303 3055; x_wconf 84' lang='lat' dir='ltr'>Auri</span> <span class='ocrx_word' id='word_1_1176' title='bbox 2325 3025 2359 3056; x_wconf 82' lang='lat' dir='ltr'>de</span> 
     </span>
     <span class='ocr_line' id='line_1_218' title="bbox 1296 3062 2358 3103; baseline 0 -9"><span class='ocrx_word' id='word_1_1177' title='bbox 1296 3062 1373 3102; x_wconf 83' lang='lat' dir='ltr'>Sole,</span> <span class='ocrx_word' id='word_1_1178' title='bbox 1391 3074 1440 3103; x_wconf 83' lang='lat' dir='ltr'>per</span> <span class='ocrx_word' id='word_1_1179' title='bbox 1456 3064 1576 3095; x_wconf 88' lang='lat' dir='ltr'>modum</span> <span class='ocrx_word' id='word_1_1180' title='bbox 1594 3063 1817 3101; x_wconf 78' lang='lat' dir='ltr'>Recornpensae‚</span> <span class='ocrx_word' id='word_1_1181' title='bbox 1837 3071 1868 3093; x_wconf 93' lang='lat' dir='ltr'>ut</span> <span class='ocrx_word' id='word_1_1182' title='bbox 1882 3064 2076 3101; x_wconf 75' lang='lat' dir='ltr'>praemittitur,</span> <span class='ocrx_word' id='word_1_1183' title='bbox 2095 3072 2208 3095; x_wconf 85' lang='lat' dir='ltr'>exnunc</span> <span class='ocrx_word' id='word_1_1184' title='bbox 2225 3073 2280 3102; x_wconf 85' lang='lat' dir='ltr'>pro</span> <span class='ocrx_word' id='word_1_1185' title='bbox 2295 3073 2358 3094; x_wconf 90' lang='lat' dir='ltr'>uno</span> 
     </span>
     <span class='ocr_line' id='line_1_219' title="bbox 1298 3101 2361 3142; baseline 0 -10"><span class='ocrx_word' id='word_1_1186' title='bbox 1298 3102 1386 3133; x_wconf 92' lang='lat' dir='ltr'>Anno</span> <span class='ocrx_word' id='word_1_1187' title='bbox 1400 3105 1511 3142; x_wconf 83' lang='lat' dir='ltr'>integro</span> <span class='ocrx_word' id='word_1_1188' title='bbox 1526 3103 1632 3133; x_wconf 87' lang='lat' dir='ltr'>solvere</span> <span class='ocrx_word' id='word_1_1189' title='bbox 1650 3102 1867 3140; x_wconf 76' lang='lat' dir='ltr'>promittimus,</span> <span class='ocrx_word' id='word_1_1190' title='bbox 1884 3103 1918 3133; x_wconf 71' lang='grc' dir='ltr'>δε</span> <span class='ocrx_word' id='word_1_1191' title='bbox 1934 3101 2068 3140; x_wconf 84' lang='lat' dir='ltr'>deinceps</span> <span class='ocrx_word' id='word_1_1192' title='bbox 2081 3101 2233 3133; x_wconf 84' lang='lat' dir='ltr'>succeffive</span> <span class='ocrx_word' id='word_1_1193' title='bbox 2249 3101 2361 3141; x_wconf 77' lang='lat' dir='ltr'>singulis</span> 
     </span>
     <span class='ocr_line' id='line_1_220' title="bbox 1299 3139 2359 3181; baseline 0.002 -11"><span class='ocrx_word' id='word_1_1194' title='bbox 1299 3141 1409 3181; x_wconf 81' lang='lat' dir='ltr'>Annis,</span> <span class='ocrx_word' id='word_1_1195' title='bbox 1428 3142 1495 3173; x_wconf 67' lang='lat' dir='ltr'>Vita</span> <span class='ocrx_word' id='word_1_1196' title='bbox 1508 3141 1552 3172; x_wconf 68' lang='lat' dir='ltr'>sua</span> <span class='ocrx_word' id='word_1_1197' title='bbox 1563 3142 1680 3172; x_wconf 82' lang='lat' dir='ltr'>durante</span> <span class='ocrx_word' id='word_1_1198' title='bbox 1691 3163 1700 3179; x_wconf 81' lang='grc'>,</span> <span class='ocrx_word' id='word_1_1199' title='bbox 1720 3143 1748 3170; x_wconf 90' lang='lat' dir='ltr'>in</span> <span class='ocrx_word' id='word_1_1200' title='bbox 1764 3141 1851 3171; x_wconf 88' lang='lat' dir='ltr'>Urbe</span> <span class='ocrx_word' id='word_1_1201' title='bbox 1873 3139 2036 3170; x_wconf 75' lang='lat' dir='ltr'>Londoniae</span> <span class='ocrx_word' id='word_1_1202' title='bbox 2052 3141 2097 3171; x_wconf 95' lang='lat' dir='ltr'>vel</span> <span class='ocrx_word' id='word_1_1203' title='bbox 2118 3140 2219 3179; x_wconf 86' lang='lat' dir='ltr'>Opido</span> <span class='ocrx_word' id='word_1_1204' title='bbox 2234 3139 2359 3180; x_wconf 81' lang='lat' dir='ltr'>Calisiae,</span> 
     </span>
     <span class='ocr_line' id='line_1_221' title="bbox 1297 3179 2360 3220; baseline 0.001 -11"><span class='ocrx_word' id='word_1_1205' title='bbox 1297 3179 1392 3209; x_wconf 85' lang='lat' dir='ltr'>eidem</span> <span class='ocrx_word' id='word_1_1206' title='bbox 1407 3179 1629 3220; x_wconf 67' lang='lat' dir='ltr'>Reverendiffimo</span> <span class='ocrx_word' id='word_1_1207' title='bbox 1646 3182 1744 3217; x_wconf 80' lang='lat' dir='ltr'>Patri,</span> <span class='ocrx_word' id='word_1_1208' title='bbox 1761 3180 1805 3209; x_wconf 89' lang='lat' dir='ltr'>vel</span> <span class='ocrx_word' id='word_1_1209' title='bbox 1820 3180 1878 3217; x_wconf 90' lang='lat' dir='ltr'>ejus</span> <span class='ocrx_word' id='word_1_1210' title='bbox 1894 3179 2039 3219; x_wconf 82' lang='lat' dir='ltr'>Deputato</span> <span class='ocrx_word' id='word_1_1211' title='bbox 2060 3179 2115 3209; x_wconf 85' lang='lat' dir='ltr'>sive</span> <span class='ocrx_word' id='word_1_1212' title='bbox 2130 3179 2294 3218; x_wconf 86' lang='lat' dir='ltr'>Deputatis,</span> <span class='ocrx_word' id='word_1_1213' title='bbox 2310 3189 2360 3218; x_wconf 84' lang='lat' dir='ltr'>per</span> 
     </span>
     <span class='ocr_line' id='line_1_222' title="bbox 1299 3217 2360 3250; baseline 0.001 -2"><span class='ocrx_word' id='word_1_1214' title='bbox 1299 3218 1367 3248; x_wconf 91' lang='lat' dir='ltr'>Nos</span> <span class='ocrx_word' id='word_1_1215' title='bbox 1380 3218 1517 3250; x_wconf 82' lang='lat' dir='ltr'>Haeredes</span> <span class='ocrx_word' id='word_1_1216' title='bbox 1533 3221 1566 3250; x_wconf 73' lang='grc' dir='ltr'>δε</span> <span class='ocrx_word' id='word_1_1217' title='bbox 1579 3218 1759 3249; x_wconf 83' lang='lat' dir='ltr'>Successores</span> <span class='ocrx_word' id='word_1_1218' title='bbox 1772 3217 1883 3248; x_wconf 85' lang='lat' dir='ltr'>nostros</span> <span class='ocrx_word' id='word_1_1219' title='bbox 1894 3217 2058 3248; x_wconf 85' lang='lat' dir='ltr'>solvendam</span> <span class='ocrx_word' id='word_1_1220' title='bbox 2072 3217 2272 3250; x_wconf 84' lang='lat' dir='ltr'>Concedimus</span> <span class='ocrx_word' id='word_1_1221' title='bbox 2287 3219 2360 3249; x_wconf 86' lang='lat' dir='ltr'>Pro-</span> 
     </span>
     <span class='ocr_line' id='line_1_223' title="bbox 1299 3255 2359 3295; baseline 0 -8"><span class='ocrx_word' id='word_1_1222' title='bbox 1299 3257 1439 3288; x_wconf 84' lang='lat' dir='ltr'>mittimus</span> <span class='ocrx_word' id='word_1_1223' title='bbox 1455 3258 1489 3290; x_wconf 67' lang='grc' dir='ltr'>ὅ(</span> <span class='ocrx_word' id='word_1_1224' title='bbox 1507 3257 1702 3295; x_wconf 79' lang='lat' dir='ltr'>spondemus,</span> <span class='ocrx_word' id='word_1_1225' title='bbox 1720 3265 1803 3295; x_wconf 81' lang='lat' dir='ltr'>atque</span> <span class='ocrx_word' id='word_1_1226' title='bbox 1819 3256 1853 3294; x_wconf 81' lang='lat' dir='ltr'>ad</span> <span class='ocrx_word' id='word_1_1227' title='bbox 1868 3256 1900 3287; x_wconf 92' lang='lat' dir='ltr'>Id</span> <span class='ocrx_word' id='word_1_1228' title='bbox 1921 3256 1988 3286; x_wconf 91' lang='lat' dir='ltr'>Nos</span> <span class='ocrx_word' id='word_1_1229' title='bbox 2002 3255 2140 3287; x_wconf 82' lang='lat' dir='ltr'>Haeredes</span> <span class='ocrx_word' id='word_1_1230' title='bbox 2157 3257 2190 3287; x_wconf 89' lang='lat'>&amp;</span> <span class='ocrx_word' id='word_1_1231' title='bbox 2204 3256 2359 3288; x_wconf 84' lang='lat' dir='ltr'>Successo-</span> 
     </span>
     <span class='ocr_line' id='line_1_224' title="bbox 1298 3294 2359 3334; baseline 0 -9"><span class='ocrx_word' id='word_1_1232' title='bbox 1298 3305 1340 3325; x_wconf 90' lang='lat' dir='ltr'>res</span> <span class='ocrx_word' id='word_1_1233' title='bbox 1353 3296 1465 3327; x_wconf 91' lang='lat' dir='ltr'>nostros</span> <span class='ocrx_word' id='word_1_1234' title='bbox 1500 3297 1576 3327; x_wconf 70' lang='lat' dir='ltr'>bona</span> <span class='ocrx_word' id='word_1_1235' title='bbox 1591 3296 1660 3326; x_wconf 89' lang='lat' dir='ltr'>Fide</span> <span class='ocrx_word' id='word_1_1236' title='bbox 1675 3298 1708 3328; x_wconf 74' lang='grc' dir='ltr'>δε</span> <span class='ocrx_word' id='word_1_1237' title='bbox 1724 3297 1752 3325; x_wconf 92' lang='lat' dir='ltr'>in</span> <span class='ocrx_word' id='word_1_1238' title='bbox 1770 3296 1866 3326; x_wconf 89' lang='lat' dir='ltr'>Verbo</span> <span class='ocrx_word' id='word_1_1239' title='bbox 1881 3294 1996 3334; x_wconf 73' lang='lat' dir='ltr'>Regio,</span> <span class='ocrx_word' id='word_1_1240' title='bbox 2013 3304 2063 3332; x_wconf 89' lang='lat' dir='ltr'>per</span> <span class='ocrx_word' id='word_1_1241' title='bbox 2081 3295 2232 3327; x_wconf 83' lang='lat' dir='ltr'>Praesentes</span> <span class='ocrx_word' id='word_1_1242' title='bbox 2247 3295 2359 3326; x_wconf 84' lang='lat' dir='ltr'>Astrin-</span> 
     </span>
     <span class='ocr_line' id='line_1_225' title="bbox 1298 3319 2292 3374; baseline 0.001 -11"><span class='ocrx_word' id='word_1_1243' title='bbox 1298 3335 1392 3372; x_wconf 89' lang='lat' dir='ltr'>gimus</span> <span class='ocrx_word' id='word_1_1244' title='bbox 1414 3335 1445 3365; x_wconf 91' lang='lat'>&amp;</span> <span class='ocrx_word' id='word_1_1245' title='bbox 1461 3319 1649 3374; x_wconf 64' lang='lat' dir='ltr'>&amp;bligamus,</span> <span class='ocrx_word' id='word_1_1246' title='bbox 1669 3344 1718 3372; x_wconf 86' lang='lat' dir='ltr'>per</span> <span class='ocrx_word' id='word_1_1247' title='bbox 1735 3335 1813 3365; x_wconf 89' lang='lat' dir='ltr'>binas</span> <span class='ocrx_word' id='word_1_1248' title='bbox 1827 3343 1932 3364; x_wconf 78' lang='lat' dir='ltr'>annuas</span> <span class='ocrx_word' id='word_1_1249' title='bbox 1947 3333 2122 3372; x_wconf 75' lang='lat' dir='ltr'>Solutione33</span> <span class='ocrx_word' id='word_1_1250' title='bbox 2141 3334 2292 3369; x_wconf 80' lang='lat' dir='ltr'>videlicet,</span> 
     </span>
    </p>

    <p class='ocr_par' dir='ltr' id='par_1_95' title="bbox 1301 3369 2360 3529">
     <span class='ocr_line' id='line_1_226' title="bbox 1338 3369 2359 3410; baseline -0.001 -8"><span class='ocrx_word' id='word_1_1251' title='bbox 1338 3372 1397 3402; x_wconf 91' lang='lat' dir='ltr'>Pro</span> <span class='ocrx_word' id='word_1_1252' title='bbox 1412 3373 1510 3405; x_wconf 85' lang='lat' dir='ltr'>Prima</span> <span class='ocrx_word' id='word_1_1253' title='bbox 1527 3373 1680 3404; x_wconf 85' lang='lat' dir='ltr'>Medietate</span> <span class='ocrx_word' id='word_1_1254' title='bbox 1703 3373 1780 3403; x_wconf 88' lang='lat' dir='ltr'>Anni</span> <span class='ocrx_word' id='word_1_1255' title='bbox 1803 3373 1933 3410; x_wconf 77' lang='lat' dir='ltr'>proxime</span> <span class='ocrx_word' id='word_1_1256' title='bbox 1952 3371 2088 3410; x_wconf 76' lang='lat' dir='ltr'>sequentis</span> <span class='ocrx_word' id='word_1_1257' title='bbox 2108 3373 2259 3402; x_wconf 86' lang='lat' dir='ltr'>Summam</span> <span class='ocrx_word' id='word_1_1258' title='bbox 2273 3369 2359 3410; x_wconf 55' lang='lat' dir='ltr'>gina-</span> 
     </span>
     <span class='ocr_line' id='line_1_227' title="bbox 1302 3410 2360 3451; baseline 0 -11"><span class='ocrx_word' id='word_1_1259' title='bbox 1302 3419 1363 3441; x_wconf 80' lang='lat' dir='ltr'>tuor</span> <span class='ocrx_word' id='word_1_1260' title='bbox 1373 3411 1482 3442; x_wconf 84' lang='lat' dir='ltr'>Milium</span> <span class='ocrx_word' id='word_1_1261' title='bbox 1498 3412 1536 3448; x_wconf 59' lang='grc' dir='ltr'>ό»</span> <span class='ocrx_word' id='word_1_1262' title='bbox 1554 3411 1776 3451; x_wconf 58' lang='grc' dir='ltr'>ξζιιίηὲεηίανιυη</span> <span class='ocrx_word' id='word_1_1263' title='bbox 1793 3415 1962 3441; x_wconf 82' lang='lat' dir='ltr'>Coronarum</span> <span class='ocrx_word' id='word_1_1264' title='bbox 1974 3413 2052 3440; x_wconf 83' lang='lat' dir='ltr'>Auri</span> <span class='ocrx_word' id='word_1_1265' title='bbox 2064 3411 2096 3440; x_wconf 86' lang='lat' dir='ltr'>de</span> <span class='ocrx_word' id='word_1_1266' title='bbox 2109 3410 2167 3440; x_wconf 80' lang='lat' dir='ltr'>Sole</span> <span class='ocrx_word' id='word_1_1267' title='bbox 2184 3410 2268 3441; x_wconf 69' lang='lat' dir='ltr'>dictae</span> <span class='ocrx_word' id='word_1_1268' title='bbox 2284 3418 2360 3440; x_wconf 84' lang='lat' dir='ltr'>tota-</span> 
     </span>
     <span class='ocr_line' id='line_1_228' title="bbox 1301 3448 2360 3483; baseline 0 -4"><span class='ocrx_word' id='word_1_1269' title='bbox 1301 3451 1333 3480; x_wconf 88' lang='lat' dir='ltr'>lis</span> <span class='ocrx_word' id='word_1_1270' title='bbox 1349 3449 1479 3480; x_wconf 83' lang='lat' dir='ltr'>Summae</span> <span class='ocrx_word' id='word_1_1271' title='bbox 1502 3451 1688 3483; x_wconf 85' lang='lat' dir='ltr'>Medietatem</span> <span class='ocrx_word' id='word_1_1272' title='bbox 1711 3450 1863 3480; x_wconf 87' lang='lat' dir='ltr'>facientem</span> <span class='ocrx_word' id='word_1_1273' title='bbox 1885 3451 1914 3479; x_wconf 91' lang='lat' dir='ltr'>in</span> <span class='ocrx_word' id='word_1_1274' title='bbox 1937 3449 2013 3480; x_wconf 69' lang='lat' dir='ltr'>dicta</span> <span class='ocrx_word' id='word_1_1275' title='bbox 2034 3449 2120 3480; x_wconf 87' lang='lat' dir='ltr'>Urbe</span> <span class='ocrx_word' id='word_1_1276' title='bbox 2137 3448 2298 3478; x_wconf 81' lang='lat' dir='ltr'>Londoniae</span> <span class='ocrx_word' id='word_1_1277' title='bbox 2313 3448 2360 3479; x_wconf 83' lang='lat' dir='ltr'>vel</span> 
     </span>
     <span class='ocr_line' id='line_1_229' title="bbox 1303 3485 2322 3529; baseline -0.002 -12"><span class='ocrx_word' id='word_1_1278' title='bbox 1303 3488 1403 3525; x_wconf 87' lang='lat' dir='ltr'>Opido</span> <span class='ocrx_word' id='word_1_1279' title='bbox 1417 3488 1545 3529; x_wconf 83' lang='lat' dir='ltr'>Calisiae,</span> <span class='ocrx_word' id='word_1_1280' title='bbox 1565 3489 1664 3520; x_wconf 88' lang='lat' dir='ltr'>Primo</span> <span class='ocrx_word' id='word_1_1281' title='bbox 1678 3490 1724 3520; x_wconf 86' lang='lat' dir='ltr'>die</span> <span class='ocrx_word' id='word_1_1282' title='bbox 1742 3488 1848 3520; x_wconf 82' lang='lat' dir='ltr'>Mensis</span> <span class='ocrx_word' id='word_1_1283' title='bbox 1864 3488 2045 3519; x_wconf 86' lang='lat' dir='ltr'>Novembris</span> <span class='ocrx_word' id='word_1_1284' title='bbox 2057 3488 2191 3525; x_wconf 82' lang='lat' dir='ltr'>proximo</span> <span class='ocrx_word' id='word_1_1285' title='bbox 2212 3485 2322 3524; x_wconf 86' lang='lat' dir='ltr'>futuro,</span> 
     </span>
    </p>

    <p class='ocr_par' dir='ltr' id='par_1_96' title="bbox 1302 3523 2361 3685">
     <span class='ocr_line' id='line_1_230' title="bbox 1340 3523 2357 3568; baseline -0.005 -11"><span class='ocrx_word' id='word_1_1286' title='bbox 1340 3526 1379 3557; x_wconf 90' lang='lat' dir='ltr'>Et</span> <span class='ocrx_word' id='word_1_1287' title='bbox 1397 3527 1558 3559; x_wconf 85' lang='lat' dir='ltr'>Secundam</span> <span class='ocrx_word' id='word_1_1288' title='bbox 1577 3528 1761 3559; x_wconf 85' lang='lat' dir='ltr'>Medietatem</span> <span class='ocrx_word' id='word_1_1289' title='bbox 1779 3527 1947 3564; x_wconf 88' lang='lat' dir='ltr'>(videlicet)</span> <span class='ocrx_word' id='word_1_1290' title='bbox 1971 3526 2122 3556; x_wconf 89' lang='lat' dir='ltr'>Summam</span> <span class='ocrx_word' id='word_1_1291' title='bbox 2138 3523 2255 3568; x_wconf 78' lang='lat' dir='ltr'>aliarum</span> <span class='ocrx_word' id='word_1_1292' title='bbox 2272 3524 2357 3563; x_wconf 52' lang='lat' dir='ltr'>Qua-</span> 
     </span>
     <span class='ocr_line' id='line_1_231' title="bbox 1302 3562 2356 3607; baseline -0.003 -12"><span class='ocrx_word' id='word_1_1293' title='bbox 1302 3573 1365 3595; x_wconf 83' lang='lat' dir='ltr'>tuor</span> <span class='ocrx_word' id='word_1_1294' title='bbox 1386 3567 1506 3597; x_wconf 84' lang='lat' dir='ltr'>Millium</span> <span class='ocrx_word' id='word_1_1295' title='bbox 1532 3566 1570 3602; x_wconf 74' lang='lat'>&amp;¹</span> <span class='ocrx_word' id='word_1_1296' title='bbox 1597 3567 1816 3607; x_wconf 51' lang='lat' dir='ltr'>Quingentarum</span> <span class='ocrx_word' id='word_1_1297' title='bbox 1844 3569 2007 3597; x_wconf 80' lang='lat' dir='ltr'>Coronarum</span> <span class='ocrx_word' id='word_1_1298' title='bbox 2026 3565 2103 3593; x_wconf 78' lang='lat' dir='ltr'>Auri</span> <span class='ocrx_word' id='word_1_1299' title='bbox 2127 3563 2158 3592; x_wconf 86' lang='lat' dir='ltr'>de</span> <span class='ocrx_word' id='word_1_1300' title='bbox 2176 3562 2233 3591; x_wconf 69' lang='lat' dir='ltr'>Sole</span> <span class='ocrx_word' id='word_1_1301' title='bbox 2249 3573 2276 3606; x_wconf 79' lang='lat' dir='ltr'>.m</span> <span class='ocrx_word' id='word_1_1302' title='bbox 2302 3564 2356 3601; x_wconf 66' lang='lat' dir='ltr'>ipfia</span> 
     </span>
     <span class='ocr_line' id='line_1_232' title="bbox 1302 3600 2361 3643; baseline -0.003 -7"><span class='ocrx_word' id='word_1_1303' title='bbox 1302 3606 1388 3636; x_wconf 90' lang='lat' dir='ltr'>Urbe</span> <span class='ocrx_word' id='word_1_1304' title='bbox 1405 3605 1567 3638; x_wconf 85' lang='lat' dir='ltr'>Londoniae</span> <span class='ocrx_word' id='word_1_1305' title='bbox 1581 3607 1625 3637; x_wconf 91' lang='lat' dir='ltr'>vel</span> <span class='ocrx_word' id='word_1_1306' title='bbox 1641 3606 1742 3643; x_wconf 83' lang='lat' dir='ltr'>Opido</span> <span class='ocrx_word' id='word_1_1307' title='bbox 1756 3605 1865 3636; x_wconf 82' lang='lat' dir='ltr'>Califiae</span> <span class='ocrx_word' id='word_1_1308' title='bbox 1873 3627 1884 3643; x_wconf 84' lang='lat'>,</span> <span class='ocrx_word' id='word_1_1309' title='bbox 1898 3604 1998 3634; x_wconf 83' lang='lat' dir='ltr'>Primo</span> <span class='ocrx_word' id='word_1_1310' title='bbox 2011 3601 2057 3632; x_wconf 88' lang='lat' dir='ltr'>die</span> <span class='ocrx_word' id='word_1_1311' title='bbox 2065 3600 2172 3632; x_wconf 78' lang='lat' dir='ltr'>Mensis</span> <span class='ocrx_word' id='word_1_1312' title='bbox 2189 3600 2266 3631; x_wconf 78' lang='lat' dir='ltr'>Maii</span> <span class='ocrx_word' id='word_1_1313' title='bbox 2281 3605 2361 3633; x_wconf 76' lang='lat' dir='ltr'>exin-</span> 
     </span>
     <span class='ocr_line' id='line_1_233' title="bbox 1303 3645 2199 3685; baseline 0.001 -12"><span class='ocrx_word' id='word_1_1314' title='bbox 1303 3645 1339 3674; x_wconf 89' lang='lat' dir='ltr'>de</span> <span class='ocrx_word' id='word_1_1315' title='bbox 1359 3646 1489 3681; x_wconf 78' lang='lat' dir='ltr'>proxime</span> <span class='ocrx_word' id='word_1_1316' title='bbox 1505 3645 1604 3676; x_wconf 82' lang='lat' dir='ltr'>futuro</span> <span class='ocrx_word' id='word_1_1317' title='bbox 1617 3645 1799 3682; x_wconf 81' lang='lat' dir='ltr'>solvendam,</span> <span class='ocrx_word' id='word_1_1318' title='bbox 2050 3680 2055 3685; x_wconf 32' lang='grc' dir='ltr'>ι</span> <span class='ocrx_word' id='word_1_1319' title='bbox 2194 3679 2199 3684; x_wconf 42' lang='grc'><strong>,</strong></span> 
     </span>
    </p>

    <p class='ocr_par' dir='ltr' id='par_1_97' title="bbox 1299 3677 2364 3991">
     <span class='ocr_line' id='line_1_234' title="bbox 1340 3677 2359 3723; baseline -0.001 -10"><span class='ocrx_word' id='word_1_1320' title='bbox 1340 3682 1377 3713; x_wconf 85' lang='lat' dir='ltr'>Et</span> <span class='ocrx_word' id='word_1_1321' title='bbox 1399 3683 1435 3713; x_wconf 78' lang='lat' dir='ltr'>fic</span> <span class='ocrx_word' id='word_1_1322' title='bbox 1451 3684 1486 3714; x_wconf 89' lang='lat' dir='ltr'>de</span> <span class='ocrx_word' id='word_1_1323' title='bbox 1502 3684 1590 3714; x_wconf 87' lang='lat' dir='ltr'>Anno</span> <span class='ocrx_word' id='word_1_1324' title='bbox 1608 3685 1638 3714; x_wconf 89' lang='lat' dir='ltr'>in</span> <span class='ocrx_word' id='word_1_1325' title='bbox 1655 3684 1773 3714; x_wconf 84' lang='lat' dir='ltr'>Annum</span> <span class='ocrx_word' id='word_1_1326' title='bbox 1789 3684 1822 3714; x_wconf 87' lang='lat'>&amp;</span> <span class='ocrx_word' id='word_1_1327' title='bbox 1837 3681 1874 3711; x_wconf 94' lang='lat' dir='ltr'>de</span> <span class='ocrx_word' id='word_1_1328' title='bbox 1888 3679 2032 3723; x_wconf 78' lang='lat' dir='ltr'>Termino</span> <span class='ocrx_word' id='word_1_1329' title='bbox 2048 3688 2082 3723; x_wconf 39' lang='lat' dir='ltr'>m·</span> <span class='ocrx_word' id='word_1_1330' title='bbox 2098 3677 2292 3722; x_wconf 79' lang='lat' dir='ltr'>Terminum‚</span> <span class='ocrx_word' id='word_1_1331' title='bbox 2305 3680 2359 3712; x_wconf 90' lang='lat' dir='ltr'>du-</span> 
     </span>
     <span class='ocr_line' id='line_1_235' title="bbox 1303 3716 2360 3761; baseline 0 -10"><span class='ocrx_word' id='word_1_1332' title='bbox 1303 3731 1395 3758; x_wconf 84' lang='lat' dir='ltr'>rante,</span> <span class='ocrx_word' id='word_1_1333' title='bbox 1416 3731 1446 3752; x_wconf 90' lang='lat' dir='ltr'>ut</span> <span class='ocrx_word' id='word_1_1334' title='bbox 1467 3722 1613 3760; x_wconf 76' lang='lat' dir='ltr'>praefertur</span> <span class='ocrx_word' id='word_1_1335' title='bbox 1628 3745 1637 3761; x_wconf 92' lang='lat'>‚</span> <span class='ocrx_word' id='word_1_1336' title='bbox 1664 3721 1731 3753; x_wconf 69' lang='lat' dir='ltr'>Vitfi</span> <span class='ocrx_word' id='word_1_1337' title='bbox 1753 3721 1823 3751; x_wconf 71' lang='lat' dir='ltr'>dieti</span> <span class='ocrx_word' id='word_1_1338' title='bbox 1844 3716 2083 3749; x_wconf 77' lang='lat' dir='ltr'>Reverendiffimi</span> <span class='ocrx_word' id='word_1_1339' title='bbox 2110 3716 2200 3747; x_wconf 88' lang='lat' dir='ltr'>Patris</span> <span class='ocrx_word' id='word_1_1340' title='bbox 2212 3740 2226 3761; x_wconf 78' lang='lat'>³.</span> <span class='ocrx_word' id='word_1_1341' title='bbox 2250 3718 2360 3751; x_wconf 63' lang='lat' dir='ltr'>dietam</span> 
     </span>
     <span class='ocr_line' id='line_1_236' title="bbox 1302 3755 2361 3798; baseline -0.001 -8"><span class='ocrx_word' id='word_1_1342' title='bbox 1302 3759 1455 3790; x_wconf 86' lang='lat' dir='ltr'>Summam</span> <span class='ocrx_word' id='word_1_1343' title='bbox 1478 3760 1639 3792; x_wconf 85' lang='lat' dir='ltr'>solvendam</span> <span class='ocrx_word' id='word_1_1344' title='bbox 1663 3761 1724 3791; x_wconf 86' lang='lat' dir='ltr'>fore</span> <span class='ocrx_word' id='word_1_1345' title='bbox 1738 3769 1786 3798; x_wconf 92' lang='lat' dir='ltr'>per</span> <span class='ocrx_word' id='word_1_1346' title='bbox 1809 3757 1876 3788; x_wconf 87' lang='lat' dir='ltr'>Nos</span> <span class='ocrx_word' id='word_1_1347' title='bbox 1890 3755 2025 3788; x_wconf 75' lang='lat' dir='ltr'>Haeredes</span> <span class='ocrx_word' id='word_1_1348' title='bbox 2043 3755 2077 3786; x_wconf 89' lang='lat'>&amp;</span> <span class='ocrx_word' id='word_1_1349' title='bbox 2102 3755 2280 3788; x_wconf 81' lang='lat' dir='ltr'>Successores</span> <span class='ocrx_word' id='word_1_1350' title='bbox 2293 3768 2361 3789; x_wconf 86' lang='lat' dir='ltr'>nos-</span> 
     </span>
     <span class='ocr_line' id='line_1_237' title="bbox 1302 3793 2360 3842; baseline 0 -15"><span class='ocrx_word' id='word_1_1351' title='bbox 1302 3806 1363 3828; x_wconf 87' lang='lat' dir='ltr'>tros</span> <span class='ocrx_word' id='word_1_1352' title='bbox 1383 3798 1563 3836; x_wconf 81' lang='lat' dir='ltr'>spondemus</span> <span class='ocrx_word' id='word_1_1353' title='bbox 1582 3801 1614 3830; x_wconf 89' lang='lat'>&amp;</span> <span class='ocrx_word' id='word_1_1354' title='bbox 1635 3799 1852 3834; x_wconf 80' lang='lat' dir='ltr'>promittimus,</span> <span class='ocrx_word' id='word_1_1355' title='bbox 1867 3804 1951 3832; x_wconf 88' lang='lat' dir='ltr'>atque</span> <span class='ocrx_word' id='word_1_1356' title='bbox 1971 3793 2006 3842; x_wconf 61' lang='lat' dir='ltr'>ad</span> <span class='ocrx_word' id='word_1_1357' title='bbox 2025 3793 2145 3837; x_wconf 81' lang='lat' dir='ltr'>eandem</span> <span class='ocrx_word' id='word_1_1358' title='bbox 2159 3794 2360 3836; x_wconf 86' lang='lat' dir='ltr'>Solutionem,</span> 
     </span>
     <span class='ocr_line' id='line_1_238' title="bbox 1304 3832 2361 3876; baseline -0.006 -10"><span class='ocrx_word' id='word_1_1359' title='bbox 1304 3837 1379 3866; x_wconf 79' lang='lat' dir='ltr'>bene</span> <span class='ocrx_word' id='word_1_1360' title='bbox 1397 3838 1430 3869; x_wconf 85' lang='lat'>&amp;</span> <span class='ocrx_word' id='word_1_1361' title='bbox 1444 3837 1560 3869; x_wconf 81' lang='lat' dir='ltr'>fideliter</span> <span class='ocrx_word' id='word_1_1362' title='bbox 1573 3837 1720 3869; x_wconf 86' lang='lat' dir='ltr'>Terminis</span> <span class='ocrx_word' id='word_1_1363' title='bbox 1740 3836 1826 3866; x_wconf 87' lang='lat' dir='ltr'>Locis</span> <span class='ocrx_word' id='word_1_1364' title='bbox 1839 3835 1872 3865; x_wconf 86' lang='lat'>&amp;</span> <span class='ocrx_word' id='word_1_1365' title='bbox 1889 3833 1996 3863; x_wconf 85' lang='lat' dir='ltr'>Forma</span> <span class='ocrx_word' id='word_1_1366' title='bbox 2011 3832 2171 3876; x_wconf 78' lang='lat' dir='ltr'>faciendam</span> <span class='ocrx_word' id='word_1_1367' title='bbox 2182 3856 2191 3871; x_wconf 81' lang='lat'>,</span> <span class='ocrx_word' id='word_1_1368' title='bbox 2211 3834 2280 3865; x_wconf 81' lang='lat' dir='ltr'>Nos</span> <span class='ocrx_word' id='word_1_1369' title='bbox 2287 3835 2361 3865; x_wconf 77' lang='lat' dir='ltr'>Hae-</span> 
     </span>
     <span class='ocr_line' id='line_1_239' title="bbox 1302 3870 2364 3915; baseline 0.002 -13"><span class='ocrx_word' id='word_1_1370' title='bbox 1302 3875 1422 3906; x_wconf 83' lang='lat' dir='ltr'>redes&amp;</span> <span class='ocrx_word' id='word_1_1371' title='bbox 1440 3875 1635 3914; x_wconf 75' lang='lat' dir='ltr'>Successores‚</span> <span class='ocrx_word' id='word_1_1372' title='bbox 1654 3875 1771 3915; x_wconf 84' lang='lat' dir='ltr'>Regna,</span> <span class='ocrx_word' id='word_1_1373' title='bbox 1791 3873 1913 3909; x_wconf 88' lang='lat' dir='ltr'>Patrias,</span> <span class='ocrx_word' id='word_1_1374' title='bbox 1925 3870 2113 3915; x_wconf 70' lang='lat' dir='ltr'>&amp;Dominia</span> <span class='ocrx_word' id='word_1_1375' title='bbox 2126 3881 2159 3902; x_wconf 90' lang='lat' dir='ltr'>ac</span> <span class='ocrx_word' id='word_1_1376' title='bbox 2180 3872 2258 3903; x_wconf 86' lang='lat' dir='ltr'>Bona</span> <span class='ocrx_word' id='word_1_1377' title='bbox 2268 3874 2364 3906; x_wconf 83' lang='lat' dir='ltr'>nostra</span> 
     </span>
     <span class='ocr_line' id='line_1_240' title="bbox 1301 3909 2362 3955; baseline 0 -12"><span class='ocrx_word' id='word_1_1378' title='bbox 1301 3922 1488 3953; x_wconf 86' lang='lat' dir='ltr'>quaecumque</span> <span class='ocrx_word' id='word_1_1379' title='bbox 1507 3915 1649 3955; x_wconf 66' lang='lat' dir='ltr'>praefitntia</span> <span class='ocrx_word' id='word_1_1380' title='bbox 1663 3915 1697 3945; x_wconf 87' lang='lat'>&amp;</span> <span class='ocrx_word' id='word_1_1381' title='bbox 1718 3913 1827 3949; x_wconf 77' lang='lat' dir='ltr'>futura,</span> <span class='ocrx_word' id='word_1_1382' title='bbox 1843 3909 1920 3941; x_wconf 57' lang='lat' dir='ltr'>bon&amp;</span> <span class='ocrx_word' id='word_1_1383' title='bbox 1933 3909 2007 3953; x_wconf 74' lang='lat' dir='ltr'>Flde</span> <span class='ocrx_word' id='word_1_1384' title='bbox 2022 3910 2056 3940; x_wconf 68' lang='grc' dir='ltr'>ὃ(</span> <span class='ocrx_word' id='word_1_1385' title='bbox 2071 3919 2100 3939; x_wconf 87' lang='grc' dir='ltr'>ιη</span> <span class='ocrx_word' id='word_1_1386' title='bbox 2117 3910 2216 3941; x_wconf 91' lang='lat' dir='ltr'>Verbo</span> <span class='ocrx_word' id='word_1_1387' title='bbox 2229 3911 2362 3943; x_wconf 78' lang='lat' dir='ltr'>Caesareo</span> 
     </span>
     <span class='ocr_line' id='line_1_241' title="bbox 1299 3947 2363 3991; baseline -0.003 -9"><span class='ocrx_word' id='word_1_1388' title='bbox 1299 3962 1332 3984; x_wconf 82' lang='lat' dir='ltr'>ac</span> <span class='ocrx_word' id='word_1_1389' title='bbox 1350 3951 1461 3990; x_wconf 86' lang='lat' dir='ltr'>Regio,</span> <span class='ocrx_word' id='word_1_1390' title='bbox 1480 3963 1529 3991; x_wconf 86' lang='lat' dir='ltr'>per</span> <span class='ocrx_word' id='word_1_1391' title='bbox 1545 3953 1689 3991; x_wconf 85' lang='lat' dir='ltr'>praesentes</span> <span class='ocrx_word' id='word_1_1392' title='bbox 1699 3952 1802 3982; x_wconf 84' lang='lat' dir='ltr'>Literas</span> <span class='ocrx_word' id='word_1_1393' title='bbox 1816 3948 1920 3979; x_wconf 85' lang='lat' dir='ltr'>nostras</span> <span class='ocrx_word' id='word_1_1394' title='bbox 1933 3947 2121 3991; x_wconf 23' lang='lat' dir='ltr'>Astrringimus</span> <span class='ocrx_word' id='word_1_1395' title='bbox 2136 3951 2169 3981; x_wconf 92' lang='lat'>&amp;</span> <span class='ocrx_word' id='word_1_1396' title='bbox 2185 3949 2363 3990; x_wconf 84' lang='lat' dir='ltr'>Obligamus.</span> 
     </span>
    </p>

    <p class='ocr_par' dir='ltr' id='par_1_98' title="bbox 1337 3985 2364 4034">
     <span class='ocr_line' id='line_1_242' title="bbox 1337 3985 2364 4034; baseline -0.003 -13"><span class='ocrx_word' id='word_1_1397' title='bbox 1337 3989 1370 4022; x_wconf 86' lang='lat' dir='ltr'>Iri</span> <span class='ocrx_word' id='word_1_1398' title='bbox 1394 4001 1516 4030; x_wconf 85' lang='lat' dir='ltr'>quorum</span> <span class='ocrx_word' id='word_1_1399' title='bbox 1536 3992 1672 4023; x_wconf 85' lang='lat' dir='ltr'>omnium</span> <span class='ocrx_word' id='word_1_1400' title='bbox 1696 3992 1730 4027; x_wconf 83' lang='lat'>&amp;</span> <span class='ocrx_word' id='word_1_1401' title='bbox 1751 3987 1929 4032; x_wconf 79' lang='lat' dir='ltr'>singulorum</span> <span class='ocrx_word' id='word_1_1402' title='bbox 1956 3985 2059 4017; x_wconf 84' lang='lat' dir='ltr'>Fidem</span> <span class='ocrx_word' id='word_1_1403' title='bbox 2086 3989 2122 4020; x_wconf 67' lang='grc' dir='ltr'>ὅς</span> <span class='ocrx_word' id='word_1_1404' title='bbox 2145 3987 2364 4034; x_wconf 73' lang='lat' dir='ltr'>Testimonium</span> 
     </span>
    </p>
   </div>
   <div class='ocr_carea' id='block_1_56' title="bbox 2319 4028 2367 4065">
    <p class='ocr_par' dir='ltr' id='par_1_99' title="bbox 2319 4028 2367 4065">
     <span class='ocr_line' id='line_1_243' title="bbox 2319 4028 2367 4065; baseline 0 -5"><span class='ocrx_word' id='word_1_1405' title='bbox 2319 4028 2367 4065; x_wconf 68' lang='lat' dir='ltr'>his</span> 
     </span>
    </p>
   </div>
  </div>
 </body>
</html>
