2542 4274
14 195 93 232 'Ana
110 194 155 229 D.

37 237 123 278 1526.

14 281 78 306 Hen-
98 276 126 304 8.

16 387 147 420 Anni).
166 377 218 433 U

38 427 122 465 1526.

12 470 66 495 An.
89 475 129 500 ¹7-

13 510 48 532 H.
73 504 99 531 8.

14 547 55 570 lx
70 545 124 570 Au-

12 588 75 619 togr.

13 928 28 944 ⁸
43 925 127 954 XIV.

16 968 81 995 116.

51 3881 168 3911 *xlm

54 3931 119 3958 μγ.

167 114 222 166 n
585 93 1232 148 eouvaurion

315 286 478 321 Trafiatus
499 298 569 320 cum
591 284 772 321 Oratoribus
803 288 891 332 Regis
911 287 1077 318 Scotorum.

224 372 397 404 N1VERs1s
414 381 459 403 ΕΤ
479 381 668 410 smoums,
686 372 718 402 ad
735 380 858 409 quorum
875 369 1004 400 Notitias
1017 366 1165 407 praesentes
1178 365 1228 395 Li-

241 420 309 442 terae
323 410 478 442 Indentatae
493 413 686 451 pervenerint,
702 410 834 440 Salutem.
1205 442 1209 447 ·

204 449 288 481 Cum
307 451 485 488 praesentium
506 449 693 488 Temporum
715 447 912 483 Calamitates,
934 444 1116 482 Reipublicae
1138 441 1225 472 Chri-

166 488 263 522 stianae
286 488 413 519 Ruinam
438 491 471 521 ὅ(
496 489 715 519 Subveriionem
737 487 914 521 minitantes,
942 484 1062 513 cunctos
1083 482 1175 518 Reges
1191 480 1224 509 &

166 527 329 567 Principes,
350 528 455 558 mutuis
474 527 605 564 depositis
626 525 837 561 Simultatibus,
862 522 897 552 ad
919 522 1030 563 Pacem
1050 519 1225 557 amplectan-

164 565 230 596 dam
247 575 348 605 urgent
368 566 401 596 &
418 574 594 604 provocant,
620 563 711 593 multo
736 563 828 599 magis
854 560 1068 591 Potentiffimos
1091 562 1226 601 Scotorum

162 603 202 640 ό·
219 605 333 643 Angliae
346 607 426 642 Reges
438 628 446 641 ‚
469 605 541 635 inter
560 612 629 643 quos
646 610 702 631 tam
722 601 797 630 areta
817 600 964 637 Sanguinis
985 599 1138 628 intervenit
1160 595 1227 627 Ne-

162 643 304 675 cessitudo
314 666 322 681 ‚
340 643 377 711 ag
393 643 473 674 Pacis
488 642 585 673 Studia
599 642 715 671 incitare
729 648 762 669 ac
776 638 921 678 impellere
935 638 1050 668 debent.

200 682 327 713 Proinde
344 697 355 712 i
379 692 412 712 os

200 719 389 752 Archibaldus
404 704 524 756 fiouglas
535 721 626 748 comes
639 716 671 746 de
687 714 811 756 Angusta
825 717 958 746 Dominus
973 711 1093 750 Douglas
1108 721 1141 742 ac
1150 710 1224 754 Gar-

160 758 260 791 dianus
284 759 474 789 Orientalium
495 759 528 788 &
557 755 727 786 Australium
753 754 951 784 Marchiarum
979 752 1076 791 Regni
1103 752 1225 793 Scotiae,

161 801 291 836 Georgius
307 797 406 827 Abbas
430 796 539 826 Sane‘lae
567 798 655 824 Crucis
681 803 771 832 prope
794 791 978 828 Edinburgh,
997 789 1171 833 lllustrislrmi
1192 790 1223 818 ὃ(

163 836 333 868 Sereniffimi
353 836 492 874 Principis
512 835 545 865 δε
566 833 691 863 Domini
711 831 798 862 nostri
816 830 916 870 Jacobi
935 830 1054 868 Quinti,
1079 828 1134 858 Dei
1151 827 1227 857 Gra*

163 875 203 906 [ίᾶ
239 878 372 906 Scotorum
390 876 467 911 Regis
488 871 592 902 Privati
608 872 694 910 Sigilli
711 870 834 907 Custos,
849 880 882 900 ac
904 868 1041 906 Magister
1058 867 1154 896 Adam
1169 869 1224 907 Or-

162 898 271 944 tirsum
290 915 422 943 Dominus
435 913 467 941 de
487 910 664 947 Auldhame,
683 910 702 929 ²*
720 909 840 946 eiusdem
861 907 986 937 Domini
1009 906 1098 944 Regis
1119 904 1222 934 Conli-

164 953 252 991 liarii,
269 951 421 988 Oratores,
440 949 657 986 Commiffarii,
683 947 899 983 Procuratores,
927 946 960 975 δε
983 943 1223 981 Ambaffiaiores,

163 991 198 1022 ad
215 990 388 1027 Infrascripta
399 988 569 1020 sufficienter
582 987 763 1022 auetorizati,

203 1029 300 1066 Cum,
322 1027 530 1066 Magnificis&
553 1025 759 1064 spectabilibus
782 1023 933 1058 Dominis,
960 1019 1101 1059 Radulpho
1121 1023 1223 1050 Comite

163 1064 432 1108 Wstmurelandiae,
452 1068 553 1095 Briano
577 1064 686 1100 Higdon
709 1060 832 1102 Ecclesiae
857 1059 1030 1090 cathedralis
1051 1058 1224 1098 Eboracenfir

162 1110 292 1144 Decano,
310 1107 342 1137 ὃ(
359 1105 459 1135 Thomu
475 1107 594 1140 Magnus
606 1101 804 1132 Archidiacono
817 1099 952 1139 Estriden.
974 1099 1003 1128 in
1025 1098 1099 1128 dista
1120 1098 1221 1128 Eccle-

164 1145 202 1176 sia
217 1144 404 1180 Eboracenfi,
422 1141 615 1174 Potentiffimi
630 1144 662 1172 &
689 1138 869 1169 Invietiffimi
891 1137 1030 1176 Principis
1050 1139 1164 1166 Henrici
1182 1140 1223 1165 Ο-

163 1183 261 1221 davi,
282 1182 340 1212 Dei
356 1181 459 1219 gratia,
485 1181 594 1219 Angliae
619 1178 708 1217 Regis
732 1177 919 1215 Consiliariis,
945 1176 1128 1212 Oratoribus,
1149 1175 1222 1205 Pro-

164 1222 358 1259 curatoribus‚
383 1219 588 1250 Conimisi'ariis
605 1239 614 1255 ,
639 1219 671 1248 &
695 1215 964 1252 Ambasiiatoribus,
989 1214 1024 1244 ad
1048 1213 1224 1253 Infrascripta

164 1260 336 1293 sufficienter
350 1260 383 1289 &
400 1259 525 1297 legitime
537 1256 734 1293 auctorizans,

203 1299 251 1330 Ad
276 1298 430 1329 Honorem
451 1297 484 1327 &
508 1295 636 1325 Laudem
657 1294 717 1324 Dei
739 1293 971 1330 Omnipotentis,
1004 1289 1225 1321 Gloriosisfimae

166 1338 220 1368 Vir
241 1338 291 1367 'nis
308 1335 407 1366 Mariae
422 1333 563 1372 totiusque
578 1332 676 1363 Curiae
696 1331 833 1363 Coelestis
851 1332 884 1362 &
907 1329 1076 1361 Christianae
1098 1329 1227 1368 Religio·

165 1377 208 1408 nis
255 1372 433 1404 xaltationem
446 1374 479 1412 ὅ(
495 1371 726 1410 lucrementum,

204 1413 425 1449 Convenimus,
442 1410 707 1448 Concordavimus,
725 1410 759 1441 δε
774 1407 994 1446 Conclusimus,
1016 1415 1100 1445 atque
1115 1406 1226 1448 Audio-

164 1450 244 1483 ritate
265 1450 516 1482 Commissionum
530 1449 691 1480 nostrarum
707 1449 844 1487 (quarum
867 1447 998 1478 Tenores
1022 1447 1138 1477 inferius
1157 1446 1227 1475 inie-

164 1490 284 1527 runtur)
307 1499 357 1527 per
374 1489 518 1528 praesentes
532 1491 644 1518 Literas
656 1490 822 1517 Indentatas
844 1484 1066 1523 Convenimus,
1092 1483 1228 1514 Concor-

162 1531 279 1567 damus,
297 1529 330 1559 ὅτ.
345 1527 556 1559 Concludimus
571 1527 734 1558 articulatim
744 1548 754 1564 ,
769 1533 852 1564 prout
869 1525 1003 1563 sequitur,

202 1607 329 1638 INPRI
341 1614 431 1644 M1s,
449 1606 520 1636 inter
536 1604 605 1636 Nos
620 1603 759 1635 Oratores
783 1601 1001 1633 Ambaffiatores
1022 1601 1056 1632 &
1080 1599 1228 1631 Commis-

162 1646 247 1678 satios
264 1645 433 1685 praedictos,
448 1644 631 1674 Nominibus
648 1644 748 1681 quibus
765 1640 1089 1679 supra,Concordatum
1103 1641 1136 1670 ὃ(
1147 1638 1230 1669 Con-

166 1685 275 1715 clusum
291 1683 333 1714 est
348 1685 447 1721 quod,
466 1684 538 1712 inter
563 1681 775 1712 Potentiffimos
796 1681 829 1709 &
849 1679 1043 1711 Sereniffimos
1067 1681 1144 1715 Reges
1168 1682 1228 1707 Sco-

167 1726 215 1753 tiae
233 1722 271 1757 ᾤ’
288 1721 400 1758 Angliae
413 1721 585 1760 supradictos
600 1730 700 1750 eorum
713 1718 850 1750 Haeredes
865 1720 898 1750 &
913 1716 1108 1754 succesores,
1128 1716 1229 1755 Regna

170 1761 275 1793 Patrias
288 1762 320 1790 &
336 1760 477 1790 Dominia
490 1759 592 1790 Terras
607 1759 641 1789 &
661 1758 740 1788 Loca
753 1767 932 1796 quaecunque
953 1756 1120 1786 eorumdem
1132 1779 1142 1794 ‚
1160 1765 1228 1786 nec—

170 1810 230 1832 non
247 1799 388 1837 Vasallos,
419 1798 523 1837 Ligeos
538 1821 547 1836 ‚
572 1797 734 1834 Homines,
760 1796 952 1834 Subditosque
970 1795 1031 1824 suos
1047 1794 1230 1833 quoscunque

171 1838 321 1880 praesentes
339 1840 371 1867 ὅ(
389 1836 514 1875 futuros,
532 1845 588 1866 tam
613 1835 824 1866 Ecclesiasticos
843 1845 926 1872 quam
957 1834 1116 1871 Seculaoes,
1140 1833 1230 1870 cujus-

172 1887 288 1915 cunque
304 1876 440 1913 Gradus,
460 1875 704 1912 Praeeminentiae,
727 1871 838 1911 Statim,
855 1874 888 1904 &
903 1873 1089 1903 Condicionis
1102 1872 1229 1910 existant,

170 1917 204 1947 sit
219 1917 314 1954 bona,
333 1915 431 1952 realis,
449 1914 570 1950 sincera,
588 1923 667 1949 vera,
686 1913 811 1949 integra,
829 1913 861 1942 ὅ(
882 1911 962 1941 firma
986 1911 1062 1947 Pax,
1088 1910 1231 1948 Amicitia,

172 1955 258 1994 Liga,
280 1953 515 1989 Confoedr-ratio,
533 1953 565 1983 &
580 1951 699 1988 Treuga
722 1950 955 1987 Queri-aramque
979 1948 1164 1983 Abstinentia,
1182 1959 1230 1985 per

171 1994 294 2025 Terram
314 1991 396 2022 Mare
418 1991 514 2029 Aquas
537 1990 633 2020 dulces
658 1991 691 2021 δε
710 1989 875 2028 ubicunque
900 1988 1068 2026 Locorum,
1094 1991 1128 2016 A
1150 1988 1231 2017 Data

166 2032 309 2072 praefi’ntis
332 2030 362 2060 T
372 2039 395 2061 R
405 2041 423 2060 Α
435 2040 452 2060 c
462 2038 484 2059 T
495 2038 514 2059 Α
524 2036 576 2059 TU
586 2039 597 2058 s
616 2028 695 2068 astque
718 2028 758 2057 ad
775 2030 867 2057 Finem
895 2026 933 2062 ὠ
964 2029 1115 2057 'ferminum
1139 2026 1231 2056 Trium

175 2074 323 2101 Annorum
330 2072 454 2107 proximo
469 2066 506 2102 όν
521 2072 674 2097 immediate
680 2066 854 2108 sequentium
875 2067 1024 2095 duraturae.

209 2108 255 2140 Ιτ
266 2118 283 2139 Ε
294 2117 338 2143 M,
360 2107 550 2138 Conventuin
565 2107 597 2137 ὅ(
615 2104 794 2136 Conclulum
811 2104 852 2134 est
868 2106 946 2143 quod
963 2127 972 2143 ,
1002 2104 1166 2135 durantibus
1186 2104 1229 2134 di-

169 2148 223 2179 ἂίε
237 2147 311 2179 Pace
327 2146 449 2184 Treugis
465 2146 498 2177 ὃς
515 2144 690 2176 Guerrarum
711 2143 888 2174 Abstinentia
903 2144 1066 2181 antediffls,
1083 2143 1174 2173 nullus
1188 2143 1231 2172 di-

171 2186 287 2217 &orum
303 2185 470 2224 Principum
486 2184 617 2214 movebit
634 2193 683 2221 per
702 2182 740 2213 Se
755 2191 800 2212 aut
815 2182 950 2212 Subditos
963 2181 1041 2220 suos,
1064 2191 1110 2212 aut
1135 2192 1182 2219 per
1203 2192 1233 2211 a-

171 2226 225 2256 lios
242 2224 427 2264 quoscunque
443 2223 553 2252 moveri
576 2224 718 2260 permittet
741 2220 902 2258 Guerram,
929 2230 977 2258 per
1002 2221 1121 2251 Terram
1150 2219 1234 2250 Mare

173 2274 265 2302 neque
280 2263 374 2300 Aquas
395 2261 508 2300 dulces,
527 2260 653 2291 adversus
668 2261 782 2290 alterum
799 2260 946 2289 dfftorum
968 2258 1136 2298 Principum
1158 2259 1233 2290 Sub-

173 2303 248 2334 ditos
263 2310 309 2332 aut
324 2301 430 2338 Ligeos
447 2299 526 2339 suos,
545 2309 598 2330 nec
613 2299 690 2330 dabit
704 2307 750 2329 aut
765 2298 906 2335 praestabit
933 2298 1078 2328 Auxilium
1110 2297 1152 2327 vel
1180 2297 1232 2328 Fa-

171 2348 277 2373 vorem
292 2349 321 2371 ut
335 2339 498 2379 hujusmodi
521 2338 634 2370 Guerra
658 2346 807 2368 moveatur
828 2338 873 2368 vel
891 2338 1026 2368 excitetur
1045 2338 1146 2374 quovis
1167 2345 1232 2366 rno-

168 2381 218 2411 do.

210 2419 284 2450 Ira
295 2426 339 2457 M,
357 2427 410 2458 pro
424 2418 562 2449 securiore
578 2415 724 2447 Firmitate
741 2416 774 2447 &
797 2413 1006 2455 Observatione
1028 2410 1125 2446 Pacis,
1151 2413 1234 2444 Ami-

174 2459 267 2496 citiae,
286 2456 568 2493 Confoederationis,
587 2456 620 2485 &
639 2454 832 2493 Intelligentiae
858 2453 1071 2491 praedietarum,
1099 2451 1235 2483 Concor-

174 2497 276 2527 datum
291 2497 323 2526 ὃς
341 2494 517 2525 Conclusum
534 2496 591 2532 est,
607 2493 726 2524 Tenore
739 2492 942 2530 Praeientium,
958 2491 1056 2530 quod,
1077 2491 1159 2521 dietis
1180 2491 1232 2521 Pa-

175 2534 410 2566 ce&Amicitiis
433 2534 598 2564 durantibus
614 2555 624 2570 ,
651 2539 749 2562 neuter
772 2530 888 2569 Regum
910 2529 1111 2567 praedie‘torum
1135 2530 1237 2567 quovis

177 2574 268 2604 modo
282 2573 445 2612 receptabit,
465 2581 520 2602 nec
538 2582 552 2601 a
566 2571 693 2601 Subditis
707 2570 760 2600 luis
773 2579 871 2599 eorum
887 2569 954 2599 alter
968 2570 1102 2607 receptari
1118 2571 1234 2607 permit-

177 2620 234 2650 tct,
255 2611 364 2650 aliquos
381 2609 514 2640 Rebelles
526 2610 582 2640 sive
597 2609 758 2640 Proditores
773 2608 808 2638 de
824 2607 958 2638 Crimine
975 2607 1062 2637 Laelie
1082 2606 1236 2645 Majestatis

176 2651 337 2690 suspe6t0s3
358 2659 412 2679 nec
426 2648 588 2686 hujusmodi
605 2647 772 2678 Rebellibus
791 2646 847 2678 sive
868 2645 1081 2682 proditoribus,
1102 2647 1149 2684 qui
1165 2646 1193 2674 in
1207 2656 1236 2675 a·

174 2689 283 2728 liquem
303 2688 419 2718 Locum
435 2687 617 2718 Obedientiae
643 2687 811 2724 Principum
837 2685 1041 2722 praedictorum
1060 2684 1104 2714 seu
1130 2684 1238 2714 alterius

175 2738 278 2759 eorum
293 2727 578 2766 declinaverint,quo
601 2724 731 2755 uomodo
751 2724 828 2755 dabit
843 2725 886 2753 seu
902 2724 1039 2761 praestabit
1057 2722 1237 2763 Concilium,

175 2767 341 2803 Auxilium,
370 2765 526 2803 Favorem,
552 2765 591 2795 Su
614 2764 712 2794 sidium
723 2785 732 2800 ,
755 2771 803 2793 aut
831 2761 1042 2800 Assntentiam3
1073 2761 1116 2790 ied
1128 2783 1137 2798 ,
1164 2761 1237 2791 infra

174 2805 284 2845 Viginti
302 2805 389 2841 Dies,
407 2804 555 2842 postquam
572 2812 621 2841 per
639 2802 745 2832 Literas
758 2801 837 2838 iplius
851 2800 1019 2839 Principum
1034 2800 1237 2838 praedictorum

175 2845 257 2881 cujus
270 2842 432 2880 hujusmodi
446 2842 577 2872 Rebelles
591 2842 645 2871 live
658 2840 819 2870 Proditores
841 2841 1005 2875 eXteterint,
1020 2840 1086 2868 alter
1101 2847 1134 2867 ex
1154 2838 1236 2868 Prin-

178 2883 288 2921 cipibus
302 2880 461 2911 hu'usmodi
477 2880 620 2918 requiiitus
633 2879 735 2916 fuerit,
753 2887 801 2907 eos
814 2887 915 2907 omnes
929 2878 962 2907 &
987 2877 1109 2915 iingulos
1130 2876 1235 2907 Litern-

178 2930 246 2951 rum
262 2920 328 2956 huju
342 2919 419 2949 modi
433 2918 636 2956 Requisitionis
656 2917 753 2947 Latori
765 2938 774 2954 ,
793 2925 839 2946 aut
854 2916 897 2945 alii
911 2916 946 2946 ad
961 2915 1020 2945 hoc
1035 2926 1063 2944 in
1078 2916 1237 2952 hujusmodi

177 2959 281 2990 Literis
291 2958 441 2988 nominato
458 2957 514 2987 sive
528 2957 681 2994 deputato,
697 2955 787 2986 tradet
800 2953 925 2984 restituet
945 2955 978 2984 &
998 2954 1171 2991 deliberabit,
1185 2963 1238 2984 tra-

177 2998 244 3029 dive
257 2996 365 3027 restitui
381 2997 413 3026 &
427 2996 570 3025 deliberari
586 2995 677 3024 faciet.

219 3036 348 3071 ITEM,
366 3033 555 3065 Conventum
575 3032 797 3063 Concordatum
817 3032 849 3063 δε
875 3030 1051 3062 Conclusum
1074 3030 1115 3061 est
1143 3030 1238 3068 qubd,

178 3076 263 3106 dic'tis
279 3074 354 3104 Pace
371 3072 513 3103 Amicitiis
531 3074 564 3104 ὃ(
579 3071 703 3108 Treugis
716 3071 894 3107 durantibus,
912 3078 1007 3101 neuter
1032 3069 1146 3108 Regum
1169 3079 1239 3108 prie-

181 3114 330 3145 diCtorum
346 3110 535 3149 quovismodo
551 3111 720 3147 recept-abit,
736 3119 789 3139 nec
807 3120 822 3140 a
835 3109 960 3139 Subditis
983 3109 1034 3138 iuis
1055 3117 1152 3138 eorum
1174 3107 1240 3137 alter

183 3152 318 3189 receptari
341 3150 512 3187 permittet,
537 3150 643 3187 aliquos
668 3148 858 3185 Homicidas,
884 3147 989 3185 Fures,
1012 3147 1166 3185 Latrones,
1193 3155 1240 3176 aut

182 3191 370 3228 Transfugas,
392 3197 445 3218 nec
457 3188 524 3218 alios
533 3187 732 3217 Malefarstores
750 3186 932 3224 quoscunque
945 3195 978 3215 ex
994 3185 1117 3216 Subditis
1132 3185 1241 3215 alterius

182 3239 302 3267 eorum,
328 3236 381 3257 nec
405 3225 565 3265 hujusmodi
598 3225 728 3261 Furibus,
764 3225 951 3261 Latronibus,
982 3224 1166 3261 Homicidis,
1197 3231 1242 3252 aut

184 3268 353 3305 Trantfugis
369 3289 378 3303 ,
397 3273 443 3295 aut
466 3265 522 3295 aliis
545 3263 778 3294 Malefacmnbus
808 3263 1041 3300 quibuscunque,
1070 3264 1116 3299 qui
1141 3263 1169 3291 in
1195 3261 1242 3291 ali-

183 3317 272 3348 quem
287 3306 403 3335 Locum
419 3303 601 3333 Obedientiae
617 3302 783 3340 Principum
799 3301 1001 3339 praedistorum
1025 3301 1242 3335 declinaverint,

187 3343 400 3384 quoquomodo
415 3343 494 3373 dabit
517 3342 560 3372 seu
581 3341 719 3379 praestabit
745 3339 907 3369 Consilium
922 3362 932 3378 ,
956 3339 1125 3378 Auxilium,
1150 3339 1242 3368 Favo-

185 3392 266 3421 rem,
282 3381 461 3419 Sublidium,
479 3388 525 3411 aut
541 3379 750 3416 Affistentiam3
768 3378 828 3416 sed,
845 3378 916 3408 infra
932 3377 1048 3408 Decem
1064 3377 1133 3407 Dies
1147 3377 1242 3413 proxi-

191 3424 244 3451 mo
261 3424 292 3452 &
309 3420 473 3450 immediate
490 3419 651 3457 sequentes,
671 3417 821 3455 postquam
837 3426 884 3455 per
910 3416 1017 3446 Literas
1041 3417 1111 3446 illius
1134 3417 1243 3446 Princi-

189 3470 261 3498 pum
279 3459 481 3496 praedictorum
497 3458 577 3497 cujus
592 3456 751 3495 hujusmodi
764 3454 932 3491 Homicida,
951 3454 1018 3492 Fur,
1035 3454 1244 3493 Latro,Trans-

189 3499 276 3534 fuga,
293 3506 338 3526 aut
355 3496 541 3535 Malefaetor,
560 3495 695 3527 Subditus
708 3495 846 3531 extiterit,
860 3502 905 3523 aut
921 3493 1004 3531 ipsius
1019 3491 1156 3523 Gardiani
1185 3492 1244 3521 Lo-

191 3535 378 3567 cumtenentis
394 3535 437 3563 seu
452 3535 605 3575 Deputati,
621 3535 687 3564 alter
702 3541 735 3562 ex
751 3532 929 3570 Principibus
950 3531 1112 3568 hujusmodi
1132 3530 1245 3569 requili-

193 3584 236 3605 tus
250 3574 331 3604 fuerit
342 3595 351 3609 ,
370 3571 525 3604 Literarum
540 3572 699 3610 hujusmodi
713 3572 897 3609 requisitionis
917 3570 1012 3599 Latori
1033 3578 1079 3600 aut
1094 3570 1138 3600 alii
1153 3571 1181 3599 in
1196 3568 1245 3598 eis-

180 3613 258 3644 'dem
276 3610 376 3652 Literis
390 3612 537 3642 nominato
550 3612 596 3644 seu
611 3612 742 3649 deputato
765 3609 922 3640 Praedic‘tos
944 3608 1030 3638 tradet
1051 3609 1084 3639 δε
1101 3608 1247 3644 liberabit,

192 3651 298 3683 tradive
310 3650 343 3680 ὃς
360 3647 467 3677 liberari
482 3650 571 3680 faciet.

229 3689 302 3719 Ire
313 3696 359 3725 M,
377 3684 592 3717 Concordatum
612 3689 644 3720 &
662 3685 839 3718 Conclusum
856 3684 915 3723 est,
940 3695 987 3722 per
1011 3684 1145 3715 Oratores
1167 3693 1247 3714 ante-

195 3727 303 3765 dictos,
322 3723 403 3764 quod
421 3723 522 3754 Literae
540 3726 601 3756 lalvi
617 3724 792 3756 Conduetfis
807 3733 855 3761 per
864 3733 996 3754 neutrum
1011 3725 1153 3754 distorum
1164 3723 1247 3753 Prin-

196 3767 294 3802 cipum
326 3764 556 3802 qualitercunque
585 3774 684 3794 eorum
712 3763 867 3793 alterutrius
892 3762 1056 3793 Rebellibus
1072 3785 1081 3799 ,
1106 3761 1249 3792 Gentibus

197 3802 390 3840 Guerrarum,
417 3800 625 3832 Mercatoribus
639 3825 648 3840 ,
675 3801 858 3839 Artificibus,
883 3801 973 3831 aliisve
992 3811 1092 3831 eorum
1112 3799 1250 3839 utriusque

197 3840 321 3870 Subditis
333 3840 543 3877 quibuscunque
557 3841 746 3877 cujuscunque
754 3838 863 3876 Status,
883 3839 1050 3878 Dignitatis,
1068 3837 1250 3877 Gradiis,aut

199 3877 386 3921 Conditionis
396 3878 533 3915 existant,
553 3877 603 3908 sub
623 3878 764 3916 utriusque
784 3887 829 3909 aut
844 3878 863 3898 ²¹¹
880 3879 989 3909 alterius
1009 3887 1111 3908 corum
1134 3876 1249 3915 Magnis

198 3915 317 3947 Privatis
330 3925 376 3946 aut
388 3916 571 3954 Signetorum
585 3915 684 3953 Sigillis
695 3939 704 3953 ,
721 3927 775 3947 nec
792 3917 864 3948 vivis
882 3925 990 3947 vocum
1006 3925 1107 3946 eorum
1120 3915 1249 3951 oraculis,

198 3962 246 3985 aut
259 3955 588 3997 aliter—qualitercumque
605 3963 655 3990 pro
672 3954 760 3985 Terra
775 3955 828 3984 sive
841 3965 894 3993 pro
911 3954 1003 3991 Mari,
1021 3954 1181 3983 durantibus
1196 3952 1250 3983 Pa-

196 4002 233 4025 ce
248 3992 390 4026 Amicitiis
406 3992 439 4024 &
462 3992 582 4032 Treugis
594 3991 753 4031 paaedi'etis,
772 3993 808 4024 de
821 4001 925 4025 caetero
943 3993 1065 4023 minime
1085 3991 1250 4023 eonceden-

1262 95 1390 143 ΕΞ,
1460 88 1848 148 L1TE‘RAE,

1269 191 1313 213 tur
1326 190 1372 212 aut
1389 181 1603 219 quoquomodo
1616 190 1775 213 annuentur
1791 191 1840 221 per
1850 189 1952 212 eorum
1966 181 2105 225 aiquem,
2121 177 2169 210 nisi
2190 178 2224 210 ad
2238 169 2265 210 id
2281 179 2321 209 al·
2338 168 2467 246 Ann.6D.'

1264 258 1401 296 expresse:
1422 257 1459 288 Et
1474 258 1548 288 Casu
1565 266 1624 297 quo
1638 258 1673 290 de
1686 268 1794 289 caetero
1809 259 2038 296 ‘quandocunque
2057 258 2124 288 alter
2142 257 2262 288 alterum
2276 257 2321 286 di·
2337 225 2448 284 H1e73.28..

1268 230 1310 251 ter
1332 229 1431 249 eorum
1453 229 1501 257 per
1516 220 1635 251 alterurn
1658 221 1826 251 eorumdem
1847 221 1976 257 congrue
1990 230 2019 249 in
2042 219 2147 256 scriptis
2167 218 2320 257 requiratur

1263 298 1380 328 cicorum
1400 296 1568 334 Principum
1592 307 1645 336 pro
1661 297 1821 336 hujusmodi
1844 297 1938 326 Litera
1957 296 2033 326 Salvi
2052 295 2243 333 Condacum,
2260 295 2322 325 cui*

1263 343 1377 372 cunque
1389 335 1511 365 Subdito
1524 335 1575 365 suo
1592 336 1845 374 quibuscunquevc
1861 334 1986 364 Subditis
2004 335 2057 364 suis
2075 334 2247 372 indulgenda
2261 356 2270 371 ‚
2288 335 2320 364 in

1262 374 1376 410 Scriptis
1390 375 1422 405 &
1437 373 1471 402 de
1486 374 1577 404 Facito
1589 374 1805 412 interpellaverit
1819 382 1866 403 aut
1882 373 2050 410 requisierit,
2067 373 2182 403 stabitur
2196 372 2320 404 nichilo-

1263 415 1356 442 minus
1371 412 1499 442 Arbitrio
1513 414 1545 443 &
1563 411 1711 443 Voluntati
1725 411 1864 448 Principis
1879 411 1915 441 sic
1931 412 2093 447 interpellati
2105 421 2141 442 an
2155 410 2317 450 hujusmodi

1261 449 1478 489 Interpellationi
1500 451 1690 489 acquiescere,
1715 450 1854 480 Literasve
1877 448 2037 486 hujusmodi
2055 449 2123 479 salvi
2144 448 2321 481 conductus

1260 489 1420 519 concedere
1435 489 1556 519 voluerit
1570 499 1605 519 an
1622 499 1679 519 non
1691 511 1702 526 ,
1718 488 1875 519 secundum
1889 488 1967 526 quod
1983 486 2074 516 eidem
2089 487 2215 525 Principi
2228 489 2265 519 sic
2274 498 2318 518 re-

1260 529 1362 564 quirito
1377 527 1476 557 melius
1489 527 1615 564 expedire
1631 527 1788 565 videbitur,
1806 528 1842 556 ita
1855 534 1952 556 tamen
1967 525 2047 564 quod
2062 524 2223 563 hujusmodi
2238 527 2318 558 Lire-

1258 576 1296 594 rae
1315 566 1379 595 salvi
1394 565 1566 596 Condmstus
1578 565 1649 596 ultra
1670 575 1762 596 unum
1779 564 1899 595 Annum
1916 565 2054 595 duratur-:e
2070 564 2189 593 minime
2210 575 2318 595 conce-

1258 605 1373 641 dantur,
1392 604 1512 634 Proviso
1525 614 1619 635 tamen
1634 606 1710 642 quod
1726 604 1829 634 Literae
1843 603 2056 640 Supplicaroriae
2076 602 2215 640 utriusque
2232 603 2319 634 Prin-

1259 644 1329 679 cipis
1344 645 1402 672 vim
1425 642 1569 674 habebunt
1593 642 1766 673 Litterarum
1789 642 1855 672 salvi
1876 641 2070 678 Condurstiis,
2087 648 2225 679 eruntque
2241 641 2319 672 suffi-

1258 681 1359 712 cientis
1377 680 1505 712 Roboris
1523 690 1554 711 ut
1569 677 1650 725 Ligei
1666 682 1699 712 ὃ(
1714 680 1846 717 Subditi,
1865 681 1893 710 in
1916 679 2019 709 eisdem
2044 679 2204 717 nominati,
2223 681 2316 718 cujus-

1259 730 1386 757 cumque
1401 718 1507 750 fuerint
1523 719 1678 758 Dignitatis
1701 718 1796 751 Statfis
1820 727 1865 749 aut
1883 717 2132 757 Praeeminentiae‚
2150 717 2228 748 liberi
2248 719 2317 749 tuti-

1259 766 1316 796 que
1329 759 1357 788 in
1367 759 1447 788 suum
1458 757 1595 797 Regnum
1611 759 1699 788 redire
1713 757 1965 795 poterinr,etiams1
1974 756 2109 796 Princeps
2120 756 2175 794 ipse
2185 756 2319 793 interpel-

1259 797 1328 826 latus
1346 796 1453 827 Literas
1466 797 1522 827 suas
1535 797 1611 827 Salvi
1626 795 1798 827 ConducH’is
1811 796 1920 826 tradere
1935 795 2055 825 noluerit
2070 804 2116 825 aut
2133 795 2319 834 recusaverit;

1260 835 1363 865 Literis
1381 835 1581 866 nichilominus
1599 836 1675 866 Salvi
1697 833 1888 873 Conduetsis,
1905 842 1968 865 ante
1987 834 2051 864 haec
2071 833 2222 874 Tempora
2243 843 2318 864 con-

1256 873 1354 912 ceffis,
1372 874 1421 904 suo
1435 875 1539 904 robore
1557 875 1697 905 duraturis.

1293 911 1341 941 Ιτ
1352 921 1424 951 EM,
1442 911 1634 944 Conventum
1649 914 1681 944 δε
1699 911 1880 942 Conclusum
1899 909 1939 941 est
1956 909 2036 950 quod
2054 909 2222 942 Homicida:
2233 934 2243 950 ,
2259 910 2317 942 Fu-

1258 960 1318 988 res,
1338 950 1494 988 Latrones,
1517 952 1550 982 &
1568 953 1611 982 alii
1633 950 1833 981 malefacto-res
1856 950 2039 988 quicunque,
2055 950 2217 981 durantibus
2234 950 2318 980 dietis

1258 988 1332 1019 Pace
1347 990 1490 1020 Amicitiis
1512 990 1567 1020 sive
1589 990 1733 1028 Treugis,
1752 987 1852 1019 Modo
1871 988 1905 1020 ὃς
1927 986 2035 1018 Forma
2059 987 2240 1026 sequentibus
2262 998 2317 1027 pu—

1258 1029 1386 1067 niantur,
1403 1028 1555 1066 videlicet,
1651 1029 1659 1039 ¹

1297 1066 1327 1095 Si
1346 1068 1517 1105 contingat,
1532 1067 1567 1097 de
1590 1074 1696 1097 caetero
1710 1089 1720 1103 ,
1744 1065 1867 1102 aliquem
1894 1064 1940 1095 vel
1961 1063 2069 1103 aliquos
2093 1063 2248 1095 Subditum
2271 1058 2319 1096 vel

1260 1104 1399 1135 Subditos
1412 1106 1480 1136 dieti
1497 1108 1573 1144 Regis
1587 1110 1696 1143 Scotiae,
1714 1104 1840 1141 aliquem
1853 1103 1898 1133 vel
1907 1103 2014 1142 aliquos
2021 1102 2173 1134 Subditum
2187 1102 2233 1133 vel
2242 1101 2318 1133 Sub·

1259 1143 1333 1173 ditos
1354 1144 1424 1175 dieti
1442 1147 1520 1182 Regis
1537 1144 1649 1182 Angliae
1667 1144 1738 1174 infra
1755 1142 1903 1173 Marchias
1919 1141 2026 1172 Scotiae
2043 1142 2088 1172 vel
2101 1142 2221 1172 Limites
2241 1140 2323 1172 Mar-

1260 1182 1389 1212 chiarum
1418 1182 1532 1222 Angli-ae
1556 1184 1689 1214 violenter
1714 1181 1873 1212 interficere
1891 1204 1901 1219 ,
1928 1179 2089 1211 Gardianus
2117 1179 2322 1211 Marchiarum

1259 1221 1454 1258 praedictarum
1471 1222 1577 1252 Scotiae
1593 1222 1636 1253 vel
1651 1223 1707 1258 ejus
1728 1219 1887 1257 Deputatus
1908 1218 1954 1249 vel
1976 1218 2128 1257 Deputati,
2147 1229 2215 1250 cum
2238 1219 2322 1249 omni

1260 1259 1339 1289 Cura
1354 1260 1387 1290 &
1403 1260 1576 1299 Diligentia,
1594 1262 1675 1291 omni
1700 1259 1808 1289 Favore
1824 1258 1887 1297 post
1908 1258 1996 1294 olito,
2013 1268 2046 1288 ac
2063 1257 2146 1288 Dolo
2162 1257 2270 1288 Fraude
2284 1258 2319 1288 &

1260 1297 1364 1328 finistra
1384 1298 1601 1330 Machinatione
1615 1299 1830 1338 quibuscunque
1845 1298 1874 1326 in
1911 1306 1944 1326 ac
1956 1304 2032 1335 parte
2046 1296 2232 1334 cessantibus,
2250 1305 2320 1336 pro-

1261 1336 1409 1374 sequentur
1423 1338 1455 1368 &
1471 1338 1590 1376 quilibet
1604 1337 1782 1376 prosequetur
1797 1337 1827 1366 ut
1841 1334 1900 1366 talis
1912 1334 2082 1366 InterfetStor
2092 1334 2136 1366 seu
2149 1333 2324 1365 Interfeow-

1261 1384 1303 1405 res
1317 1377 1463 1415 capiantur
1478 1377 1510 1408 δι
1523 1377 1662 1407 ducantur
1677 1375 1710 1406 ad
1723 1374 1837 1405 Dietam
1847 1384 1896 1412 per
1903 1372 2063 1404 Gardianos
2084 1373 2224 1413 utriusque
2239 1373 2322 1403 Mar⁴

1262 1413 1335 1444 chiae
1352 1415 1396 1445 vel
1412 1424 1513 1445 eorum
1524 1415 1683 1454 Deputatos
1694 1413 1960 1453 appune'ruandam3
1976 1413 2042 1450 ubi,
2053 1412 2070 1441 fi
2080 1423 2128 1451 per
2140 1412 2228 1451 Leges
2238 1408 2322 1442 Mar-

1263 1453 1390 1483 chiarum
1413 1454 1553 1492 legittime
1572 1454 1781 1484 convincantur
1799 1451 1843 1482 vel
1862 1452 1960 1490 aliquis
1978 1460 2080 1481 eorum
2111 1452 2320 1488 convincatur,

1262 1500 1331 1521 tunc
1367 1490 1527 1523 Gardianus
1559 1492 1752 1523 Marchiarum
1781 1490 1887 1520 Scotiae
1916 1490 1998 1519 talem
2030 1488 2246 1520 interfectorem
2274 1488 2321 1520 vel

1258 1530 1456 1562 Interfectores
1470 1554 1480 1570 ,
1510 1539 1540 1562 ut
1571 1532 1649 1570 supra
1682 1529 1865 1560 ConviCtum
1895 1528 1940 1558 vel
1962 1527 2142 1566 Convicios,
2167 1527 2318 1558 Gardiano

1265 1568 1462 1599 Marchiarum
1484 1569 1596 1608 Angliae
1618 1570 1745 1599 liberabit
1762 1568 1808 1598 seu
1829 1568 1938 1597 liberari
1959 1567 2056 1597 faciet:
2077 1566 2139 1604 Qii
2161 1565 2321 1597 Gardianus

1266 1606 1462 1638 M..rchiarum
1486 1608 1596 1647 Angli-ae
1612 1608 1702 1645 ipsum
1715 1605 1903 1637 Homicidarn
1918 1605 1963 1635 vel
1975 1604 2160 1643 Homicidas,
2179 1604 2217 1635 fic
2231 1613 2261 1635 ut
2279 1603 2324 1635 su-

1264 1656 1310 1684 pra
1327 1646 1508 1677 Convictum
1521 1647 1564 1678 vel
1587 1645 1769 1683 Convistos,
1788 1645 1826 1681 &‚
1841 1643 1891 1674 fibi
1905 1643 2099 1682 consignatum
2117 1645 2161 1674 vel
2175 1643 2326 1682 configun—

1264 1695 1324 1722 tos,
1342 1690 1395 1722 pro
1418 1685 1578 1724 hujusmodi
1592 1685 1765 1715 Homicidio
1781 1682 1883 1713 ultimo
1902 1683 2050 1721 Supplicio
2062 1683 2257 1721 demandabit,

1299 1723 1351 1760 Et,
1371 1724 1389 1753 si
1406 1726 1570 1763 confingat,
1589 1724 1625 1754 de
1639 1731 1763 1761 caetero,
1781 1722 1903 1760 aliquem
1919 1722 1966 1752 vel
1981 1721 2088 1759 aliquos
2109 1721 2261 1752 Subditum
2274 1719 2322 1751 vel

1264 1761 1397 1792 Subditos
1411 1763 1482 1793 dieti
1504 1766 1581 1800 Regis
1603 1761 1733 1800 Angliae,
1758 1760 1883 1798 aliquem
1902 1760 1947 1790 vel
1966 1760 2073 1797 aliquos
2102 1759 2256 1791 Subditum
2274 1758 2323 1789 vel

1263 1800 1396 1831 Subditos
1412 1801 1481 1831 dicti
1502 1805 1578 1838 Regis
1602 1803 1715 1838 Scotiae,
1741 1798 1811 1828 infra
1831 1797 1975 1828 Marchias
2002 1797 2114 1836 Angliae
2136 1799 2181 1830 vel
2203 1797 2324 1828 Limites

1270 1838 1463 1870 Marchiarum
1479 1839 1604 1876 Sconae,
1631 1838 1768 1870 violenter
1792 1836 1971 1874 interficere,
1995 1836 2155 1866 Gardianus
2180 1835 2326 1866 Marchia—

1266 1886 1330 1906 rum
1354 1878 1495 1907 dietamm
1520 1877 1646 1917 Angliae,
1670 1876 1716 1907 vel
1737 1876 1793 1914 ejus
1816 1874 1978 1913 Deputatus
2000 1875 2045 1905 seu
2073 1874 2228 1913 Deputati,
2253 1883 2326 1904 curn

1267 1918 1350 1946 omni
1365 1915 1442 1946 Cura
1457 1918 1489 1947 &
1507 1915 1674 1955 Diligentia,
1691 1915 1775 1945 omni
1789 1913 1900 1944 Favore
1914 1911 2072 1951 postposito
2085 1922 2118 1943 ac
2141 1912 2223 1943 Dolo
2238 1912 2325 1943 Frau-

1267 1956 1303 1984 de
1317 1956 1349 1986 δε
1364 1954 1468 1985 sinistra
1480 1955 1695 1985 Machinatione
1732 1951 1929 1990 uibuscunque
1943 1953 1973 1983 in
1987 1951 2040 1982 hac
2054 1960 2131 1988 parte
2145 1949 2327 1990 cessantibus,

1267 1993 1468 2031 prosequentur
1481 1995 1512 2024 &
1528 1993 1643 2032 quilibet
1657 2002 1710 2031 pro
1721 2001 1838 2030 equetur
1854 2000 1884 2021 ut
1899 1990 1956 2021 talis
1978 1989 2144 2021 Interfetstor
2166 1990 2211 2020 seu
2234 1989 2326 2021 Inter-

1267 2032 1386 2062 rectores
1399 2033 1542 2070 capiantur
1554 2056 1562 2070 ,
1578 2033 1611 2064 &
1626 2031 1763 2062 ducantur
1782 2031 1815 2060 ad
1836 2029 1952 2060 Dietarn
1973 2038 2022 2067 per
2045 2028 2205 2060 Gardianos
2228 2027 2330 2060 utrius-

1271 2080 1327 2108 que
1347 2070 1488 2101 Marchiae
1506 2072 1548 2101 vel
1567 2081 1615 2110 per
1631 2079 1732 2100 eorum
1757 2068 1915 2106 Deputatos
1933 2067 2196 2105 appunetuandam:
2217 2068 2286 2106 ubi,
2305 2066 2327 2099 fi

1269 2119 1318 2147 per
1336 2109 1426 2149 Leges
1446 2109 1642 2139 Marchiarum
1666 2108 1758 2147 legitin
1771 2107 1788 2136 e
1809 2108 2015 2137 convincantur
2040 2106 2086 2137 vel
2106 2107 2202 2146 aliquis
2227 2115 2328 2138 eorum

1269 2149 1472 2185 convincatur,
1491 2156 1560 2178 tunc
1578 2147 1737 2178 Gardianus
1754 2144 1950 2176 Marchiarum
1971 2144 2083 2184 Angliae
2103 2146 2190 2176 talem
2209 2145 2330 2177 Interfe-

1270 2186 1382 2216 &orem
1396 2187 1440 2217 vel
1450 2186 1664 2224 Interfectores,
1682 2194 1712 2216 ut
1727 2183 1805 2222 supra
1813 2183 1994 2214 convictum
2002 2183 2044 2214 vel
2055 2183 2218 2216 Convitstos
2254 2183 2334 2215 Gar·

1268 2225 1352 2255 diano
1370 2225 1563 2256 Marchiarum
1578 2224 1685 2255 Sc0tiae
1700 2224 1828 2254 liberabit
1843 2223 1885 2253 seu
1902 2223 2011 2252 liberari
2027 2223 2130 2259 faciet3
2148 2207 2330 2253 uuidardia-

1268 2274 1320 2294 nus
1335 2263 1532 2294 Marchiarum
1546 2263 1652 2293 Scotiae
1669 2262 1757 2300 ipsum
1776 2261 1963 2301 Homicidam
1978 2260 2020 2290 vel
2041 2260 2228 2298 Homicidas,
2246 2261 2284 2290 fic
2298 2268 2331 2291 ut

1267 2302 1344 2339 supra
1358 2302 1539 2332 Convffiium
1554 2301 1595 2332 vel
1619 2300 1795 2336 Convictos,
1814 2300 1847 2330 &
1869 2299 1918 2328 libi
1936 2298 2139 2334 coniignatum
2165 2298 2210 2328 vel
2235 2298 2329 2328 confi-

1266 2348 1367 2408 gnatos
1381 2362 1390 2377 ,
1418 2350 1469 2378 pro
1494 2339 1655 2378 hujusmodi
1680 2337 1853 2369 Homicidio
1885 2335 1987 2367 ultimo
2010 2336 2156 2376 Supplicio
2178 2336 2331 2368 demanda-

1289 2386 1318 2409 it.

1305 2417 1412 2456 ITEM,
1430 2416 1616 2449 conventum
1635 2417 1668 2448 &
1687 2414 1867 2447 Conclusum
1897 2414 1938 2445 est
1956 2414 2036 2453 quod
2059 2414 2176 2454 Naves,
2201 2414 2330 2453 Nautae,

1271 2456 1458 2486 Mercatores.
1476 2458 1508 2487 &
1524 2457 1567 2486 alii
1583 2455 1695 2486 Subditl
1711 2454 2025 2492 iitriulquePrincipum
2039 2454 2260 2492 praedictorum,
2278 2463 2329 2493 per

1269 2495 1391 2524 Terram
1408 2494 1492 2525 Mare
1506 2495 1539 2525 &
1559 2494 1653 2532 Aquas
1675 2494 1770 2523 dulces
1790 2502 1905 2530 euntes,
1920 2496 2133 2531 conversantes,
2148 2494 2329 2531 navigantes,

1274 2533 1473 2571 Naufragium
1495 2532 1595 2572 passuri
1603 2556 1612 2571 ,
1638 2534 1669 2563 ὃ(
1692 2540 1907 2570 permanentes,
1924 2532 2077 2562 traclentur
2104 2533 2136 2564 &
2161 2533 2332 2570 recipiantur

1270 2580 1352 2611 prout
1367 2571 1466 2601 melius
1476 2572 1586 2602 trastari
1602 2573 1635 2602 δε
1645 2572 1729 2609 recipi
1746 2570 1952 2600 consueverunt
1966 2570 1993 2598 in
2001 2570 2198 2610 Temporibus
2212 2571 2331 2601 aliarum

1275 2611 1452 2648 Treugarum
1468 2611 1541 2649 prius
1558 2611 1627 2640 inter
1646 2613 1741 2640 Scotiae
1760 2607 1798 2643 ὠ
1815 2607 1927 2645 Angliae
1949 2611 2030 2645 Reges
2050 2608 2082 2638 &
2104 2618 2205 2640 eorum
2228 2609 2333 2648 Regna

1272 2650 1406 2679 initiarum
1424 2649 1456 2679 &
1472 2649 1723 2686 conclusarum5&
1740 2649 1882 2685 praecipue
1894 2646 1973 2684 quod
1982 2647 2151 2684 recipiantur
2164 2649 2197 2679 &
2209 2649 2333 2678 tracien-

1272 2697 1317 2718 tur
1330 2688 1408 2726 juxta
1423 2688 1482 2716 vim
1496 2687 1619 2718 formam
1642 2688 1674 2718 ὃς
1692 2685 1829 2716 effectum
1844 2683 1996 2716 Tractatfis
2011 2686 2189 2725 Treugarum
2210 2686 2334 2717 conclu-

1273 2726 1364 2756 sarum
1380 2727 1452 2755 inter
1469 2727 1616 2762 quondam
1631 2723 1860 2762 Potentiffimos,
1880 2725 1967 2754 bonae
1989 2725 2022 2755 &
2044 2725 2187 2760 praeclarae
2208 2724 2331 2755 Memo-

1271 2766 1337 2803 riae,
1362 2763 1495 2802 Jacobum
1512 2768 1629 2794 Tertium
1646 2768 1781 2794 Scotorum
1801 2763 1833 2793 ὃ(
1864 2762 2036 2791 Edwardum
2051 2763 2195 2801 Quartum
2216 2762 2332 2800 Angliae

1271 2806 1367 2840 Reges,
1386 2803 1421 2832 de
1435 2803 1511 2833 Data
1527 2803 1631 2833 Primae
1645 2801 1714 2832 Diei
1731 2802 1837 2831 Mentis
1848 2801 1945 2839 Junii,
1965 2801 2053 2831 Anno
2065 2801 2192 2832 Domini
2213 2800 2333 2832 Milleii-

1272 2852 1324 2872 mo
1342 2840 1626 2880 Qadrinoentesimo
1643 2841 1818 2879 Sexagelimo
1834 2841 1957 2878 Qiarto.

1310 2880 1376 2909 ΙτΕ
1388 2888 1412 2909 M
1424 2902 1433 2917 ,
1458 2865 1624 2910 Convetum
1638 2881 1671 2910 &
1689 2877 1871 2910 Conclusum
1884 2877 1926 2907 est
1941 2877 2039 2915 quod,
2059 2877 2077 2906 fi
2092 2876 2189 2915 aliquis
2207 2887 2241 2908 ex
2256 2878 2331 2910 Sub-

1271 2918 1337 2949 ditis
1349 2919 1458 2948 alterius
1476 2918 1643 2958 Principum
1659 2918 1863 2956 praediistorum
1880 2916 2036 2953 quicquam
2051 2915 2237 2953 Depraedatus
2248 2918 2332 2948 fuerit

1273 2960 1318 2988 leu
1335 2958 1542 2995 attemptaverit
1559 2958 1627 2988 infra
1642 2956 1805 2987 Marchiam
1821 2963 1867 2985 aut
1881 2954 2002 2984 Terram
2023 2954 2102 2984 ullius
2114 2953 2204 2985 Partis
2223 2955 2242 2974 '¹‘
2261 2956 2331 2988 Par-

1273 2998 1345 3026 tium
1359 2996 1573 3035 praedicslarum,
1591 2998 1623 3027 δε
1638 2995 1700 3034 post
1717 2993 1968 3031 Depraedationem
1982 2992 2143 3031 hujusmodi
2155 2993 2201 3024 seu
2217 2993 2332 3026 Attem-

1274 3044 1382 3072 ptatum
1398 3034 1534 3072 fugiendo
1551 3043 1701 3065 revertatur
1713 3033 1747 3062 ad
1764 3031 1927 3062 Marchiam
1954 3031 1999 3061 vel
2015 3032 2135 3062 Terram
2150 3031 2222 3062 illius
2245 3032 2335 3064 Partis

1273 3083 1353 3110 cujus
1370 3072 1410 3102 est
1426 3073 1576 3110 Subditus‚
1595 3073 1692 3103 licebit
1708 3071 1764 3108 illi,
1782 3079 1881 3100 contra
1900 3079 1987 3107 quem
2003 3069 2043 3100 sic
2059 3078 2257 3108 attemptatum
2268 3072 2336 3104 fue-

1274 3112 1326 3148 rit,
1344 3112 1371 3140 in
1390 3112 1497 3141 recenti
1512 3111 1555 3140 vel
1571 3111 1641 3140 infra
1654 3111 1698 3140 sex
1713 3109 1782 3139 Dies
1801 3109 2010 3145 computandos
2031 3118 2046 3138 a
2068 3118 2197 3146 tempore
2225 3109 2333 3142 Delicti

1276 3151 1311 3179 iic
1329 3151 1486 3186 attemptari
1504 3149 1549 3178 vel
1569 3147 1710 3179 commilli
1721 3172 1730 3185 ‚
1748 3146 1916 3178 auctoritate
1932 3146 2070 3183 praesentis
2089 3147 2286 3180 Ordinationis
2299 3151 2336 3182 δε

1275 3187 1427 3217 Tractatus
1445 3210 1455 3225 ,
1477 3187 1580 3225 absque
1604 3188 1660 3217 aliis
1681 3186 1779 3216 Literis
1804 3186 1848 3216 vel
1867 3185 1942 3215 salvo
1961 3184 2137 3224 Conduetu,
2155 3187 2284 3226 prosequi
2302 3189 2336 3219 il·¹

1274 3227 1332 3256 lum
1354 3226 1589 3256 Malefaetorem:
1608 3228 1639 3257 &
1659 3224 1749 3264 ipsum
1770 3225 1805 3254 lic
1824 3224 2021 3262 prosequendo
2039 3225 2139 3255 intrare
2154 3225 2230 3256 salvo
2245 3228 2279 3258 ὃς
2295 3226 2335 3257 se-

1276 3267 1343 3294 cute
1364 3264 1527 3294 Marchiam
1545 3265 1579 3294 &
1595 3264 1719 3294 Terram
1738 3264 1766 3293 in
1786 3272 1870 3301 quarn
1889 3262 1979 3292 dietus
1998 3262 2168 3294 Malefaetor
2185 3264 2214 3294 se
2232 3272 2336 3295 contu-

1276 3303 1366 3339 lerat,
1388 3303 1569 3340 dummodo,
1594 3303 1742 3340 quamcito
1764 3300 1923 3339 hujusmodi
1946 3300 2106 3332 Marchiam
2133 3303 2190 3334 five
2215 3302 2336 3333 Terram

1276 3342 1328 3371 hac
1348 3342 1383 3371 de
1401 3340 1489 3371 Causa
1506 3342 1662 3377 intraverit,
1679 3340 1755 3371 adeat
1770 3340 1891 3378 aliquem
1910 3338 2013 3369 Virum
2028 3340 2113 3370 bonae
2130 3341 2223 3371 Famae
2238 3342 2272 3371 &
2288 3338 2336 3369 Ο-

1276 3381 1396 3419 pinionis
1419 3380 1509 3409 illaei‘ae
1524 3402 1533 3416 ,
1555 3379 1725 3410 habitantem
1752 3378 1821 3408 infra
1847 3377 2007 3407 Marchiam
2025 3389 2108 3417 quam
2131 3379 2168 3408 sic
2185 3375 2282 3414 intrat,
2300 3379 2335 3410 &

1277 3420 1369 3448 eidem
1387 3417 1507 3449 declaret
1525 3417 1643 3447 Causam
1664 3416 1799 3448 Introitsis
1817 3418 1854 3447 sui
1872 3415 2026 3453 (videlicet)
2047 3418 2081 3448 ad
2100 3416 2333 3453 Prosequendum

1279 3456 1547 3495 Depraedationem,
1565 3454 1752 3494 discribatque
1766 3456 1799 3486 <Sc
1812 3454 1952 3493 specii-‘icet
1967 3456 2068 3494 quibus
2083 3455 2167 3485 Bonis
2185 3456 2218 3485 &
2238 3453 2334 3485 Catal-

1278 3495 1310 3525 lis
1328 3495 1372 3524 vel
1396 3496 1493 3524 Rebus
1508 3495 1681 3532 depraedatus
1705 3495 1750 3524 seu
1770 3494 1899 3531 spoliatus
1918 3492 2018 3532 fuerit,
2034 3503 2067 3523 ac
2089 3492 2198 3531 insuper
2216 3494 2336 3530 requirat

1280 3533 1404 3563 eundem
1421 3533 1518 3571 quod,
1535 3533 1670 3570 quamdiu
1689 3533 1851 3571 hujusmodi
1876 3531 2108 3562 prosecutionem
2127 3530 2202 3560 suam
2220 3530 2338 3570 fecerit,

1278 3573 1374 3602 secum
1401 3581 1459 3608 eat,
1478 3580 1507 3601 ut
1535 3571 1614 3609 super
1634 3571 1724 3601 Fastis
1744 3571 1797 3601 suis
1812 3594 1822 3609 ,
1848 3578 1976 3606 ternpore
2000 3569 2084 3599 didae
2107 3567 2337 3608 ProsecutioniS,

1280 3609 1392 3679 ploffit,
1404 3619 1474 3640 cum
1492 3610 1634 3648 requisitus
1657 3611 1737 3640 ruerit
1756 3610 1836 3650 super
1854 3609 1911 3639 hoc
1924 3629 1935 3645 ,
1956 3605 2171 3638 Testimonium
2189 3607 2336 3646 perhibere

1308 3657 1402 3679 eritati.

1318 3687 1362 3717 Ιτ
1373 3696 1390 3717 Ε
1400 3695 1427 3717 Μ
1437 3709 1446 3724 ,
1464 3696 1534 3717 cum
1547 3687 1691 3726 hucusque
1705 3685 1909 3717 Inhabitatores
1917 3681 2117 3714 Marchiarum·
2127 3683 2339 3725 praedictarum,

1282 3736 1341 3756 non
1357 3725 1444 3755 iolum
1465 3726 1538 3756 clam
1557 3727 1591 3757 δε
1609 3726 1740 3762 occulte,
1757 3723 1801 3756 sed
1819 3723 1903 3753 etiarn
1918 3721 2009 3761 paliim
2028 3722 2061 3752 &
2079 3721 2211 3760 publice,
2226 3732 2260 3753 ac
2275 3733 2337 3755 ma-

1282 3773 1342 3802 gno
1362 3762 1525 3793 Hominum
1545 3763 1681 3794 Numero
1696 3785 1706 3800 ,
1730 3763 1811 3793 Fines
1835 3759 1969 3792 hincinde
1995 3757 2190 3802 Marchiarum
2210 3762 2339 3802 ingreffi,

1285 3803 1410 3833 Arbores
1428 3802 1528 3832 alienas
1547 3802 1660 3833 coedere
1680 3802 1713 3832 ὅ(
1728 3801 1761 3832 ad
1781 3799 1877 3830 Usum
1897 3797 2100 3828 AEdifictorurn
2118 3797 2231 3829 suorum
2248 3802 2340 3833 aufer.

1284 3851 1314 3871 re
1341 3839 1568 3879 consueverant,
1591 3839 1728 3870 Dominis
1753 3838 1847 3869 invitis
1870 3836 1904 3867 &
1935 3836 2054 3865 minime
2075 3837 2338 3870 consentientibus:

1285 3879 1363 3916 Quae
1377 3887 1477 3916 magna
1492 3880 1564 3908 inter
1582 3877 1721 3908 Confines
1741 3875 1923 3906 simultatum
1941 3873 2158 3904 Discordiarum
2176 3886 2208 3907 ac
2223 3877 2342 3917 Jurgio-

1283 3926 1347 3947 rum
1365 3915 1486 3947 Materia
1501 3916 1574 3954 fuit;
1593 3915 1730 3954 proinde,
1745 3913 1779 3944 ad
1795 3921 1918 3943 ornnem
1932 3911 2133 3943 Contentionis
2146 3913 2341 3947 Occaiionem

1285 3954 1529 3992 Removendum,
1552 3955 1758 3990 Conventum,
1785 3950 2006 3981 concordatum
2034 3952 2067 3982 ὃς
2095 3950 2275 3985 Conclusum
2300 3955 2344 3985 est

1283 3992 1364 4032 quod
1381 3992 1513 4031 deinceps
1529 3992 1620 4023 nullus
1634 3991 1768 4023 Subditus
1781 3989 1929 4022 dictorum
1936 3988 2073 4029 Regum,
2090 3989 2146 4023 five
2161 3992 2191 4022 in
2206 3991 2348 4024 Marchiis

2276 4039 2351 4070 Praez

2347 2969 2366 2989 ²*
2377 2970 2463 2998 XIIL

2352 3008 2412 3037 118.
