2542 4274
60 229 138 262 Ann.
152 230 193 261 D.

63 270 173 336 aa·

87 1857 198 1884 ⁸xl11.

98 1897 163 1932 ⁶43-

759 136 869 177 ET
953 136 1223 179 ACTA

213 223 455 259 Matrimonium,
473 222 543 251 inter
566 220 780 252 Sereniffimum
804 221 970 260 Principem
993 222 1156 254 Dominum
1178 226 1268 252 Fran-

209 260 299 299 cifium
312 260 476 298 Delphinum
493 259 664 298 Viennensem
679 260 749 290 disti
765 260 992 291 Christianiffimi
1006 265 1167 292 Francorum
1190 263 1268 298 Regis

208 300 311 330 Filium
326 298 576 336 primogenitum,
594 299 628 329 &
645 297 856 328 illustrissimam
873 298 1070 336 principissam
1088 303 1212 330 Mariam
1226 299 1267 328 di-

209 339 336 373 ‹sli‘Regis
351 335 460 372 Angliae
478 335 578 365 Filiam
595 336 709 367 unicam
724 336 889 366 habendum
914 339 946 368 &
964 338 1207 375 contrahendum,
1225 337 1268 366 su-

209 374 349 415 peraddita
366 374 486 410 fuerint,
504 373 582 411 quod
598 374 713 414 quidem
729 374 972 412 Matrimonium,
990 375 1057 406 Deo
1079 377 1208 413 favente,
1227 375 1268 405 fe-

209 415 294 446 licem
310 414 342 444 &
359 411 480 442 faustum
495 412 525 441 in
541 413 625 443 totius
638 412 821 450 Reipublicae
838 412 1005 444 Christianae
1018 413 1268 454 Tranquillitatem

211 452 338 483 sortietur
357 449 511 488 effectum,

247 489 299 520 Ob
316 489 445 519 Gratiam
470 490 556 525 igitur
572 490 605 521 &
627 489 768 520 Favorem
784 489 853 519 dieti
874 488 1054 520 Matrimonii
1076 491 1219 528 conclusi,
1235 491 1268 522 &

209 535 241 558 ut
256 528 352 558 omnia
367 527 502 557 hincinde
518 527 649 558 tollantur
662 538 725 567 quae
740 527 852 565 poffent
874 529 945 558 inter
970 529 1100 566 praefatos
1122 530 1268 566 Principes

210 565 346 597 sinistram
360 566 480 604 aliquam
496 575 627 603 generare
642 565 848 604 Suspstionem,
869 567 944 604 Nos,
964 567 1070 604 praefati
1085 567 1269 597 Christianis-

210 605 272 635 fimi
285 608 448 634 Francorum
463 607 538 641 Regis
555 603 692 643 Principis
706 604 792 635 nostri
814 604 988 642 consiliarii,
1005 605 1156 643 Oratores,
1175 604 1269 636 Com-

211 639 345 681 miffarii,
366 642 584 679 Procuratores,
604 643 637 673 &
656 642 873 673 Ambasfiatores
887 643 1032 682 praedicii,
1050 653 1101 679 pro
1114 644 1269 674 Traditione

210 685 342 712 Civitatis
356 681 538 721 Tornasenfis,
556 680 612 710 unii
628 690 698 711 cum
714 681 872 712 Territorio
896 681 928 711 &
944 681 1002 711 aliis
1016 681 1137 719 ejusdem
1153 683 1178 713 A
1194 692 1271 750 fen-

212 720 330 758 dentiis,
349 731 418 751 cum
434 719 566 756 Egregiis
580 719 612 749 &
628 718 792 758 Magnificis
808 719 883 749 Viris
898 718 997 748 Thoma
1014 722 1088 748 Duce
1104 721 1165 749 Nor
1180 733 1192 750 o
1206 720 1270 749 chiae

214 759 331 795 Magno
346 758 533 789 Thesaurario
554 759 587 788 &
605 757 770 787 Marescallo
794 757 923 795 Angliae,
941 757 1043 786 Thoma
1066 760 1187 797 Episcopo
1208 762 1271 788 Du-

213 795 340 837 nolmenfi
355 797 481 827 Custode
495 795 597 827 Privati
614 795 708 832 Sigilli
730 795 802 827 dieti
817 795 1009 826 Potentisiinii
1025 796 1114 833 Regis
1140 798 1269 836 Angliae‚

215 834 310 867 Carolo
333 838 430 865 comite
451 836 597 871 Wigorniae
620 833 757 864 Domino
779 834 814 864 de
835 832 959 864 Herbert
977 836 1009 864 ὅτ,
1025 836 1060 864 de
1080 833 1191 867 Gower
1212 834 1271 865 Ca-

217 875 338 906 merario
350 874 421 904 dieti
436 873 526 910 Regis
542 871 655 908 Angliae
664 895 673 910 ,
692 871 805 901 Nicolao
820 874 941 911 Episcopo
957 872 1076 913 Elienfi‚
1095 873 1272 911 Oratoribus,

216 912 442 949 Commissariis,
462 910 710 948 Procuratoribus,
729 912 762 941 &
779 910 1029 942 Ambaffiatoribus
1041 910 1165 950 ejusdem
1187 911 1272 951 Regis

213 950 328 988 Angliae
354 951 388 980 ad
413 949 589 986 infrascripta
615 948 806 980 sufficientem
839 950 1047 980 Auctoritatem
1079 950 1246 981 habentibus
1261 973 1271 989 ,

213 987 427 1025 Convenimus,
446 987 712 1026 Concordavimus‚
732 989 765 1018 ὃ(
780 987 980 1018 Conclusimus
1003 997 1085 1027 atque
1106 990 1270 1020 Austorita-

210 1035 242 1059 te
260 1026 513 1057 Commiffionum
529 1025 688 1056 nostrarum
708 1027 717 1064 (
726 1025 839 1057 inferius
854 1025 1038 1062 insertarum)
1059 1037 1106 1064 per
1120 1028 1271 1058 Praesentes

211 1065 429 1136 Poriyenimus,
454 1063 692 1103 Concordamus,
705 1065 738 1097 &
762 1064 971 1097 Concludimus
992 1066 1166 1097 articulatim
1188 1074 1272 1104 prout

224 1113 344 1144 equitur.

251 1182 297 1214 IN
309 1193 327 1214 P
338 1192 361 1214 R
373 1192 385 1214 1
394 1190 478 1222 ivus,
496 1182 701 1221 conventum,
720 1182 941 1215 Concordatum
965 1184 999 1215 &
1025 1182 1204 1214 Conclusam
1231 1181 1272 1213 est

213 1222 295 1261 quod
309 1222 401 1252 dietus
412 1226 473 1253 Rex
485 1221 597 1259 Angliae
606 1245 617 1261 ,
631 1221 722 1260 ejusve
737 1222 895 1260 Deputatus
909 1223 964 1253 five
980 1222 1117 1260 Deputati
1131 1222 1272 1253 sufficien-

213 1269 273 1291 tem
291 1259 500 1291 Autfikoritatem
514 1261 550 1290 ab
565 1261 668 1291 eodem
684 1261 790 1291 habens
810 1260 856 1291 vel
870 1261 1021 1298 habentes,
1041 1259 1128 1291 tradet
1147 1261 1193 1291 seu
1217 1269 1272 1290 tra-

212 1298 245 1328 di
260 1299 343 1329 faciet
357 1299 446 1329 libere
457 1322 466 1336 ‚
484 1300 555 1329 intra
568 1299 762 1338 Quadraginta
782 1298 854 1329 Dies
875 1298 1131 1329 Confirmationem
1155 1298 1273 1339 praesen-

211 1338 246 1367 tis
269 1336 422 1368 Tradimus
441 1338 573 1374 proximo
598 1338 755 1376 sequentes,
773 1337 891 1374 praefato
914 1341 1077 1367 Francorum
1099 1340 1162 1375 Regi
1183 1338 1271 1374 eiusne

215 1374 363 1414 Deputato
378 1375 422 1406 seu
440 1376 591 1413 Deputatis
607 1378 641 1406 ad
656 1376 712 1406 hoc
727 1376 915 1406 sufficientem
937 1376 1133 1406 auctoritatem
1157 1377 1272 1406 habenti

212 1414 259 1444 vel
276 1415 457 1452 habentibus,
475 1415 582 1445 dietam
596 1418 746 1444 Civitatem
759 1413 964 1452 Tornacensem‚
980 1424 1049 1444 cum
1063 1414 1208 1452 adjacente
1223 1415 1272 1444 suo

213 1453 391 1489 Territori0‚
411 1455 603 1489 Mortaingne,
621 1452 659 1487 ό·
682 1453 811 1482 δαηὲἶιιηι
830 1452 1012 1482 Admandum
1020 1475 1033 1490 >⁴
1047 1454 1081 1484 &
1096 1452 1275 1489 JurisdiCtio-

211 1500 249 1521 ne
270 1491 466 1527 superioritate
487 1490 606 1520 Rel'orto
627 1491 661 1520 &
683 1491 861 1521 Pertinentiis
883 1492 941 1521 aliis
960 1491 1124 1528 Universis,
1141 1492 1175 1522 ad
1189 1492 1274 1522 Sum-

214 1538 292 1558 mam
314 1532 504 1558 Sexcentorum
526 1528 638 1558 Milium
659 1531 823 1558 Coronarum
843 1531 938 1566 Auri,
958 1529 1032 1560 boni
1055 1529 1123 1560 Auri
1147 1532 1181 1561 δί
1201 1530 1274 1568 Justi

214 1566 350 1597 Ponderis
363 1566 545 1605 aestimatam,
564 1577 730 1605 unaquaque
745 1567 863 1597 Corona
877 1567 987 1598 valente
1011 1569 1041 1599 in
1064 1569 1184 1606 pecunia
1203 1569 1276 1600 Gal-

215 1605 271 1636 lica
279 1606 410 1644 Triginta
431 1615 554 1644 qumque
571 1605 681 1635 Solidos
696 1606 893 1644 Turonenses3

253 1643 291 1674 Et
307 1654 358 1682 pro
370 1644 471 1674 eadem
486 1644 606 1674 Summa
617 1644 694 1674 idem
707 1648 768 1674 Rex
785 1647 948 1674 Francorum
963 1644 1000 1675 Se
1016 1643 1190 1676 Debitorem
1206 1655 1278 1685 pra:-

213 1682 273 1713 fato
288 1686 356 1751 Reg{
364 1682 478 1721 Anglt'ae
493 1693 526 1714 ac
540 1682 712 1714 Haeredibus
724 1684 757 1714 ὅτ,
779 1682 995 1714 Successoribus
1016 1683 1068 1714 suis
1083 1694 1133 1722 per
1154 1684 1276 1715 Praesen-

218 1729 259 1752 tes
275 1724 343 1751 coni
358 1723 435 1752 ituit:

255 1761 354 1799 Quam
371 1760 489 1800 quidem
505 1760 659 1792 Summam
676 1763 863 1790 sexcentorum
877 1759 1000 1790 Millium
1017 1763 1183 1791 Coronarum
1201 1763 1279 1791 Auri

216 1809 269 1838 pro
290 1799 390 1830 eadem
418 1799 542 1830 Civitate
558 1801 591 1832 ἃ
605 1799 786 1838 Territorio,
804 1808 873 1830 cum
888 1799 941 1829 suis
962 1799 1141 1831 Pertinentiis
1162 1801 1279 1838 quibus-

217 1848 359 1877 cumque,
376 1838 456 1868 dieto
471 1842 536 1875 Regi
550 1837 681 1876 Angliae,
696 1838 716 1857 ²*
732 1838 777 1868 vel
793 1838 850 1875 ejus
862 1836 1032 1868 Haeredibus
1051 1839 1084 1869 &
1105 1838 1279 1870 Successori-

218 1878 284 1915 bus,
306 1877 351 1906 seu
374 1887 475 1908 eorum
499 1877 665 1915 Deputatis‚
686 1877 759 1906 bene
779 1876 813 1907 δε
835 1875 951 1907 fideliter
973 1876 1060 1907 solvet
1082 1876 1127 1908 seu
1146 1878 1215 1909 solvi
1237 1876 1278 1908 fa-

218 1917 278 1985 fiet
297 1915 401 1954 Locis,
417 1915 580 1954 Terminis,
604 1915 774 1953 Medisque,
791 1916 825 1945 ὃς
851 1913 955 1945 Εοηῃὲῑ
979 1914 1175 1955 sequentibus3
1198 1916 1279 1947 vide—

229 1963 286 1985 icet

258 1977 353 2023 In'die
368 1991 542 2023 Traditionis
557 1992 642 2023 dietae
654 1992 783 2023 Civitatis
796 1994 992 2031 quinquaginta
1006 1991 1100 2022 Millia
1114 1996 1277 2023 Francorum

215 2036 246 2062 in
262 2035 367 2061 Coronis
388 2035 463 2061 Auri
477 2032 513 2061 de
528 2031 594 2062 Sole
610 2041 662 2069 pro
677 2030 888 2063 Exoneratione
905 2030 1040 2063 Militum
1064 2040 1134 2063 tunc
1157 2034 1186 2063 in
1202 2032 1278 2063 Prae-

221 2071 290 2101 sidio
305 2070 498 2107 existentium,

259 2108 295 2138 Et
311 2110 339 2138 in
355 2108 455 2138 Primo
470 2109 516 2138 die
532 2107 606 2138 Maii
620 2117 653 2139 ex
670 2116 739 2140 tunc
762 2109 892 2146 proxime
909 2110 942 2141 ὃς
964 2108 1132 2140 immediate
1152 2109 1282 2147 stquente

223 2147 252 2177 in
269 2146 388 2214 gppiJo
402 2146 512 2177 Calisiae
525 2150 623 2185 viginti
635 2151 751 2187 quinque
766 2148 862 2178 Millia
875 2152 1036 2179 Francorum
1051 2152 1080 2179 in
1095 2151 1202 2179 Coronis
1217 2152 1281 2178 Au-

225 2189 252 2215 ri
289 2197 302 2214 e
314 2191 346 2214 So
359 2196 371 2212 e
379 2209 388 2221 ‚

236 2223 239 2225 ’
261 2223 298 2254 Ε[
314 2226 342 2253 in
360 2223 459 2254 Primo
474 2223 518 2254 die
533 2223 714 2254 Novembris
729 2233 764 2253 ex
777 2232 847 2254 tunc
862 2225 991 2263 proxime
1007 2226 1041 2255 &
1055 2225 1223 2256 immediate
1241 2224 1283 2256 se-

222 2270 328 2299 quente
343 2263 371 2292 in
387 2262 467 2291 dieto
488 2262 609 2299 Oppido
630 2261 740 2292 Caliiiae
760 2265 860 2300 Vrginti
875 2266 990 2302 quinque
1007 2262 1105 2293 Millia
1121 2266 1284 2293 Francorum

220 2303 251 2331 in
267 2303 375 2329 Coronis
390 2302 466 2328 Auri
486 2301 518 2328 de
532 2300 609 2336 Sole,

261 2338 297 2368 Et
312 2340 339 2368 in
354 2337 453 2368 Primo
471 2337 516 2367 die
535 2338 608 2367 Maii·
623 2347 656 2367 ex
671 2346 739 2367 tunc
754 2339 886 2374 proxime
903 2337 1036 2375 sequente
1051 2341 1080 2368 in
1095 2340 1175 2369 dicito
1190 2339 1284 2376 Oppi-

224 2375 264 2446 30
276 2376 386 2444 Cililisiae
405 2375 456 2406 alia
477 2378 583 2413 Viginti
601 2379 716 2416 quinque
740 2375 836 2406 Millia
857 2379 1022 2407 Francorum
1043 2380 1072 2407 in
1086 2381 1194 2407 Coronis
1209 2380 1287 2407 Auri

244 2427 257 2445 e
269 2418 303 2445 So
315 2427 328 2445 e

264 2453 301 2484 Et
316 2437 347 2484 iri
361 2454 459 2484 Primo
474 2452 520 2483 die
537 2452 721 2483 Novembris
737 2463 772 2483 ex
788 2461 854 2484 tunc
867 2455 998 2489 proxime
1014 2453 1145 2492 sequente
1163 2455 1193 2484 in
1207 2453 1287 2484 dieto

227 2492 347 2560 Oppiddo
362 2491 471 2559 Callisiae
491 2491 542 2522 alia
562 2494 668 2530 Viginti
686 2495 800 2532 quinque
824 2491 918 2522 Millza
940 2496 1105 2523 Francorum
1126 2497 1154 2523 in
1179 2496 1289 2523 Coronis

229 2535 306 2563 Auri
338 2543 351 2560 e
364 2534 396 2560 So
408 2543 421 2560 e
429 2553 439 2568 ‚

264 2569 302 2600 Et
315 2571 344 2600 in
359 2568 459 2598 Primo
477 2568 522 2598 die
540 2567 613 2598 Maii
626 2577 660 2598 ex
675 2576 746 2599 tunc
767 2570 897 2607 proxime
914 2570 947 2600 &
970 2570 1136 2601 immediate
1157 2570 1290 2608 sequente

228 2609 257 2638 in
274 2608 352 2638 dieto
367 2607 488 2644 Oppido
502 2605 613 2636 Caliiiae
634 2607 684 2637 alia
703 2610 806 2644 Viginti
824 2612 938 2648 quinque
960 2608 1056 2639 Millia
1077 2613 1243 2640 Francorum
1261 2614 1290 2639 in

230 2649 335 2676 Coronis
354 2648 431 2674 Auri
448 2645 480 2674 de
496 2643 574 2681 Sole,

268 2684 306 2715 Et
320 2684 358 2714 fic
373 2683 409 2713 de
421 2682 475 2713 Sex
499 2682 645 2713 Mentibus
666 2683 694 2712 in
715 2682 770 2713 Sex
784 2682 915 2723 Menses5
934 2686 965 2715 in
980 2685 1062 2715 dieto
1076 2686 1197 2723 Oppido
1215 2685 1292 2717 Cali-

229 2723 294 2761 fiae,
309 2723 338 2753 in
353 2722 502 2752 Terminis
518 2720 677 2760 praeditffis,
696 2724 800 2760 Viginti
826 2727 941 2768 quinque
965 2724 1058 2754 Millia
1077 2728 1240 2755 Francorum
1263 2729 1293 2755 in

229 2765 338 2792 Coronis
354 2763 429 2791 Auri
438 2761 470 2790 a'e
484 2759 543 2789 Sole
557 2759 651 2790 donec
666 2761 700 2791 ὃς
715 2761 860 2799 quousque
873 2762 949 2792 dista
963 2763 1074 2801 integra
1089 2764 1209 2794 Summa
1224 2767 1293 2793 Sex—

230 2807 366 2830 centorum
388 2798 508 2828 Millium
528 2802 695 2828 Coronarum
719 2799 790 2830 boni
814 2800 885 2831 Auri
907 2802 940 2832 ὅ(
955 2800 1030 2838 Justi
1053 2802 1190 2833 Ponderis
1209 2802 1293 2834 fuerit

231 2839 313 2879 plene
325 2839 358 2870 &
376 2836 543 2876 integraliter
559 2836 659 2868 soluta:

271 2878 330 2908 Pro
344 2887 399 2916 qua
415 2875 532 2915 quidem
547 2875 713 2915 solutione,
732 2876 771 2907 fic
788 2885 819 2908 ut
841 2877 985 2916 praefertur
1007 2879 1082 2910 bene
1103 2881 1137 2911 &
1160 2879 1274 2911 fideliter
1285 2904 1296 2920 ,

235 2915 337 2955 absque
350 2918 431 2946 omni
445 2915 531 2952 dolo,
550 2913 664 2953 fraude,
681 2924 728 2946 aut
742 2915 875 2947 dilatione
891 2927 1059 2955 quacunque
1083 2918 1229 2957 facienda,
1251 2919 1296 2949 di-

236 2957 298 2986 etus
322 2958 484 2985 Francorum
507 2956 585 2991 Rex,
604 2964 652 2991 per
678 2954 785 2985 Literas
801 2955 866 2986 suas
890 2954 1040 2994 Patentes‚
1060 2956 1152 2988 Manu
1170 2957 1216 2989 sua
1234 2957 1296 2988 sub-

236 2993 349 3030 scriptas
366 3003 399 3023 ac
423 2992 539 3029 Magno
561 2992 611 3023 suo
630 2992 733 3029 Sigillo
756 2993 899 3032 figillatas‚
917 2995 995 3025 bona
1011 2995 1079 3026 Fide
1094 3006 1127 3026 ac
1150 2997 1178 3026 in
1198 2996 1295 3027 Verbo

235 3031 351 3070 Regio,
377 3030 528 3074 Obligabit
548 3030 584 3061 Se
606 3029 744 3061 Haeredes
766 3032 799 3062 &
823 3032 1002 3064 Succeffores
1025 3033 1107 3073 suos,
1140 3034 1297 3074 Regnum,

236 3068 357 3107 Terras,
375 3069 495 3106 Patnas,
513 3069 545 3100 δε
562 3069 704 3100 Dominia
719 3080 752 3100 ac
769 3069 849 3102 Bona
868 3072 914 3101 sua
932 3081 1112 3110 quaecunque
1131 3075 1249 3105 mobilia
1263 3076 1296 3105 ὃς

237 3106 397 3139 immobilia
423 3108 566 3145 praesentia
589 3108 623 3138 &
646 3108 738 3139 futura
763 3110 958 3148 ubicumque,
976 3110 1162 3149 Subditosque
1187 3113 1247 3144 suos
1265 3113 1309 3143 &-

241 3157 339 3177 eorum
366 3145 444 3176 Bona
466 3147 642 3184 ubicumque
665 3146 769 3178 fuerint
794 3157 921 3187 reperta:
954 3148 1158 3181 Renuntiando
1190 3152 1219 3181 in
1245 3153 1298 3183 hac

242 3184 324 3215 Parte
343 3186 376 3216 &
395 3184 519 3224 expresse
537 3194 570 3228 ac
589 3185 618 3214 in
634 3185 705 3216 Vim
722 3186 805 3217 Paeti
819 3188 900 3217 omni
915 3187 1070 3227 Privilegio
1085 3188 1214 3221 Cautelae
1225 3190 1300 3227 Juris

243 3221 406 3260 Beneficio,
424 3232 457 3265 ac
481 3223 614 3252 omnibus
632 3223 665 3252 &
683 3224 797 3261 singulis
813 3225 1038 3263 Exceptionibus
1060 3227 1092 3258 &
1116 3228 1300 3259 Defensioni-

244 3263 299 3292 bus
315 3262 375 3291 tem
387 3262 460 3300 Juris
479 3261 566 3304 quem
579 3261 659 3304 Baeti
675 3263 920 3303 quibuscumque,
935 3266 1036 3302 quibus
1052 3264 1233 3298 Praesentium
1258 3269 1301 3298 ef-

243 3301 335 3331 scetus
351 3298 573 3338 quomodolibet
592 3300 722 3343 impediri
735 3302 830 3341 poffit3
848 3303 883 3333 Et
901 3304 981 3342 quod
999 3303 1106 3343 insuper
1116 3305 1150 3336 ad
1165 3308 1300 3338 omnium

245 3340 280 3370 &
301 3337 475 3375 singulorum
499 3338 714 3369 Praemiisorum
737 3340 892 3371 firmiorem
916 3341 1123 3373 observantiam
1139 3366 1149 3381 ,
1172 3347 1302 3382 praefatus

246 3381 409 3407 Francorum
432 3379 491 3405 Rex
515 3376 667 3412 obligabit
689 3377 726 3408 Se
740 3379 790 3409 sub
810 3380 910 3410 Poenis
924 3380 1056 3412 Camerae
1073 3382 1249 3420 Apostolicae
1268 3386 1302 3416 ὅ(

248 3426 298 3455 per
312 3415 509 3453 Obligationem
526 3416 557 3444 de
576 3415 646 3455 Ntfi.

286 3454 361 3485 I'ri:
373 3462 417 3491 Μ,
437 3452 641 3492 Comemum,
663 3454 902 3496 Concordatum,
921 3459 954 3489 ὃς
970 3456 1149 3490 conclusum
1167 3459 1207 3490 est
1223 3462 1303 3499 quod

248 3493 376 3531 praefatus
397 3496 457 3522 Rex
483 3494 643 3521 Francorum
657 3502 754 3524 coram
770 3495 863 3534 aliquo
875 3496 975 3535 judice
991 3497 1144 3528 Ordinario
1160 3508 1213 3536 pro
1234 3501 1304 3530 Tri-

249 3532 345 3563 bunali
361 3530 508 3573 Sedenteffi
518 3539 550 3559 ac
568 3529 691 3573 Duobus
706 3532 831 3564 Notariis
846 3534 972 3565 Publicis
988 3537 1017 3566 in
1032 3536 1176 3567 Actorum
1193 3538 1305 3570 Scribas

248 3581 297 3610 per
312 3569 433 3613 eundem
444 3568 575 3611 judicem
589 3569 750 3612 assumptis,
767 3581 800 3601 ac
816 3573 871 3602 aliis
885 3573 1019 3604 Testibus
1042 3574 1077 3604 ad
1098 3575 1156 3606 hoc
1179 3573 1305 3614 speciali-

252 3619 294 3640 ter
307 3617 413 3640 vocatis
428 3608 460 3637 &
473 3615 592 3644 rogatu,
611 3617 644 3637 ac
659 3617 687 3636 in
712 3609 859 3641 Praesentia
882 3610 1078 3643 Commiffiirii
1090 3613 1137 3644 seu
1154 3613 1305 3646 Commis-

252 3648 387 3678 sariorum
408 3645 513 3684 praefati
534 3648 612 3682 Regis
631 3645 742 3683 Angliae
763 3648 796 3677 ad
819 3648 877 3679 hoc
904 3649 1076 3682 sufficienter
1098 3653 1153 3693 dep
1174 3656 1240 3685 utati
1259 3655 1305 3685 seu

252 3687 473 3724 depputatorum
483 3708 494 3723 ‚
510 3685 581 3714 intra
606 3684 738 3728 Quatu'or
756 3685 867 3716 Menses
880 3686 986 3719 Datam
1001 3689 1138 3726 praesentis
1186 3693 1305 3724 radiatus

251 3725 381 3763 proxime
397 3723 559 3765 sequente&
574 3722 749 3760 perionaliter
774 3727 965 3764 comparebit,
985 3727 1076 3767 Seque
1100 3729 1205 3768 libere,
1222 3732 1307 3769 spon-

254 3764 299 3801 te,
314 3764 347 3794 &
367 3763 521 3793 voluntarie
544 3762 687 3792 iubmittet
707 3762 801 3792 eidem
820 3762 913 3801 judici
936 3766 969 3796 ὅτ.
990 3766 1046 3804 ejus
1064 3766 1254 3805 jurisdictioni
1272 3771 1305 3801 &

255 3800 442 3839 Cohertioni‚
458 3799 688 3838 Jurisdietionem
707 3800 828 3838 ejusdem
848 3801 957 3840 Judicis
982 3807 1179 3844 prorogando:
1205 3809 1238 3839 &
1256 3819 1308 3839 co-

255 3849 316 3870 ram
338 3839 440 3870 eodem
454 3839 555 3877 judice
579 3840 616 3869 iic
640 3849 692 3877 pro
705 3839 854 3870 Tribunali
869 3840 992 3871 Sedente
1007 3844 1036 3872 in
1049 3842 1197 3878 Praesentia
1212 3846 1308 3878 Corn-

256 3877 367 3907 miffarii
388 3878 430 3908 seu
452 3876 723 3907 Conimiffariorum
746 3877 934 3909 Notariorum
958 3880 991 3910 &
1005 3880 1134 3913 Testium
1155 3885 1308 3922 praedicto-

257 3924 320 3944 rum
335 3915 420 3946 libere
436 3917 534 3953 sponte
548 3916 581 3947 &
597 3925 629 3946 ex
646 3925 721 3946 certa
738 3915 782 3946 sua
798 3916 926 3955 scientia,
945 3927 1012 3948 tunc
1027 3920 1060 3951 ὅς
1073 3922 1180 3953 ibidem
1194 3923 1308 3955 Recon-

256 3951 353 3983 noscet
366 3953 398 3983 &
413 3953 592 3984 confitebitur
606 3955 696 3992 palam
714 3955 828 3992 publice
842 3956 875 3987 &
889 3957 1031 3995 expresse,
1049 3958 1086 3989 Se
1100 3970 1133 3991 ex
1148 3950 1308 3994 Contracfu

256 3989 349 4021 valido
368 3990 477 4022 efficaci
497 3993 529 4022 ὃς
546 4004 561 4023 a
580 3993 648 4031 Jure
664 3993 799 4031 permisso
818 3993 919 4025 debere
943 3996 1059 4034 praefato
1073 4001 1136 4035 Regi
1149 4000 1261 4037 Angliae
1280 4013 1308 4032 e-

257 4027 578 4100 jusqgeni-llgelressbui&
591 4031 806 4067 Succefforibus
820 4032 973 4069 Summam
986 4038 1174 4079 sexcentorum
1190 4040 1311 4083 Millimn

1306 138 1776 183 PUBLICA.
2286 162 2363 203 155

1303 225 1469 267 Coronarum
1486 224 1641 272 b⁰⁷²isA¹⁰Ji
1668 226 1705 260 (dy
1723 227 1948 273 Juffiqponderis
1969 236 2149 274 (unaquaque
2174 235 2293 266 Corona
2311 246 2359 265 va.
2384 228 2513 260 Αηυλ)8

1303 261 1378 291 lente
1397 272 1426 291 in
1449 262 1575 305 Pecunia
1601 263 1713 307 Gallica
1733 264 1863 307 Triginta
1881 279 2000 307 quinque
2023 274 2134 304 &lidos
2155 274 2355 308 Turonenses)
2403 270 2487 305 1518.

1304 298 1466 330 solvendam
1483 300 1587 339 Locis,
1604 301 1769 336 Terminis,
1790 303 1904 341 Morus,
1921 309 1953 337 ὃς
1971 309 2077 340 Formis
2092 314 2119 341 in
2136 313 2261 350 proesenti
2283 313 2360 343 Tra-
2386 311 2448 334 Heu.
2468 308 2494 334 8.

1305 337 1382 368 <statu
1404 338 1526 376 superius
1547 339 1707 376 specificatis
1722 350 1730 368 vz
1760 338 1996 382 effeetualiterque
2026 348 2164 385 Requiret
2185 351 2277 382 <fietus
2297 353 2359 381 Rex

1304 378 1468 406 Francorum
1483 377 1632 415 praefatum
1643 377 1777 416 Judicem
1794 387 1862 409 tunc
1877 390 1928 416 pro
1942 383 1972 412 T
1975 385 2090 415 riburiali
2113 398 2143 418 ut
2165 391 2193 419 in
2208 389 2360 420 Personam

1304 413 1382 444 suam
1394 414 1569 446 Sententiam
1583 415 1900 447 Excommunicationis
1916 421 1944 448 in
1960 421 2079 459 Scriptis
2091 424 2157 456 ferat
2174 430 2205 457 &c
2219 429 2348 458 fulminet

1304 461 1339 495 ex
1353 463 1431 483 nuuc
1451 462 1533 491 prout
1549 463 1583 484 ex
1599 462 1685 492 tunc,
1700 455 1732 485 ὃς
1746 464 1779 484 ex
1795 464 1862 485 tunc
1879 466 1962 493 prout
1986 468 2018 487 ex
2034 470 2129 499 nunc>
2146 466 2194 495 nisi
2216 474 2244 496 ut
2260 450 2361 503 praedi-²

1305 499 1377 534 citur
1402 492 1548 528 praefatam
1569 492 1721 522 Summam
1751 496 1938 523 Sexcentorum
1965 496 2082 526 Mallium.
2106 505 2266 532 Coronarum
2290 506 2360 536 boni

1305 529 1380 573 Auri
1392 530 1425 560 ὅς
1436 529 1503 567 justi
1519 529 1652 573 Ponderis
1668 530 1780 562 Valoris
1799 531 1926 568 praedicti
1947 535 1979 565 ὃς
1998 538 2149 571 quan-*libet
2173 551 2228 577 ejus
2246 543 2358 573 Partem

1305 565 1412 610 Locis,
1430 569 1460 598 T
1462 569 1589 606 erminis‚
1611 568 1727 608 Modts,
1745 571 1778 601 &
1793 570 1899 600 Forma
1915 572 2053 608 praedieri's
2071 575 2155 605 solvat
2171 588 2215 609 aut
2233 581 2299 610 solvi
2317 582 2358 611 fa-

1306 615 1379 648 ciat:
1401 606 1437 636 Et
1461 606 1559 649 quod,
1578 608 1607 636 in
1627 615 1731 638 eventu
1747 618 1807 638 non
1831 608 1983 640 Solutionis
2007 611 2163 649 hujusmodi
2183 625 2226 645 aut
2245 619 2359 656 aiicujus

1306 643 1432 680 ejusdem
1445 645 1553 688 Partis,
1572 644 1748 683 idemJudex
1765 646 1840 677 Eum
1859 647 1896 677 six
1914 647 2206 682 Excommunicatum
2230 654 2308 686 fuine
2323 659 2356 688 ὃς

1306 680 1362 711 effe
1386 683 1537 713 denunciet
1554 684 1587 714 &
1607 683 1768 715 denunciari
1787 686 1872 716 faciat
1894 687 1927 717 &
1950 689 2082 719 mandet:
2100 688 2229 726 Rogabit
2252 694 2358 732 insuper

1307 720 1377 764 idem
1398 724 1458 751 Rex
1473 721 1612 751 Notarios
1633 722 1784 759 praediCtos
1806 733 1835 754 ut
1848 724 1927 762 super
1948 725 2099 757 Praemiffis
2114 731 2247 759 omnibus
2261 732 2292 761 &
2308 734 2362 763 fin-

1308 759 1381 796 gulis
1403 769 1491 803 unum
1514 759 1560 789 vel
1582 759 1660 797 plura
1683 761 1838 792 conficiant
1859 761 2086 795 Instrumentum
2109 767 2153 796 vel
2177 766 2362 803 Instrumenta

1307 806 1504 841 autentiquum
1530 797 1575 828 vel
1598 800 1778 838 autentiqua‚
1803 800 1900 838 Signis
1925 803 1957 833 δε
1981 803 2238 845 Subscriptionibus
2265 818 2363 839 eorum

1306 835 1500 866 Notariorum
1520 836 1662 873 signatum
1680 837 1723 868 seu
1741 839 1858 877 signata,
1878 848 1960 879 atque
1975 842 2098 873 eundem
2113 843 2247 881 Judicern
2270 846 2364 876 {imili—

1306 882 1349 917 ter
1364 875 1478 912 rogabit
1495 883 1525 905 ut
1542 876 1616 905 idem
1638 874 1862 908 Instrumentum
1877 878 1979 915 Sigillo
1997 880 2044 910 suo
2063 885 2254 922 communiat,
2271 896 2282 912 π»
2306 893 2315 900 ·
2335 895 2364 914 ‘t-

1307 912 1387 950 liquo
1411 913 1466 943 alio
1498 912 1595 952 Sigillo
1627 916 1770 945 autentico
1802 915 1836 946 ad
1863 915 1938 946 suam
1966 917 2110 955 specialem
2138 920 2293 961 Requisitit-

1308 952 1486 996 communiri
1503 951 1588 996 faciat
1614 951 1647 982 &
1667 961 1816 991 procurem,
1835 963 1955 993 quorum
1974 957 2087 995 quidem
2108 958 2325 991 Instrumentoi„

1309 999 1414 1028 unum,
1433 1000 1462 1019 in
1480 990 1624 1033 publicam
1644 990 1770 1022 formam
1789 992 1827 1022 sic
1847 1001 1876 1023 ut
1896 993 2036 1030 praefertur
2054 997 2198 1028 redactum
2217 1001 2249 1031 ὃς
2268 1000 2336 1030 Εεὶκ

1307 1037 1386 1069 tum,
1408 1027 1612 1059 Commiiiario
1629 1029 1673 1060 vel
1694 1030 1905 1061 Commiffiriis
1930 1033 2036 1069 praefati
2061 1039 2137 1072 Regis
2160 1037 2273 1075 Angliae
2290 1031 2364 1069 iure
2414 1068 2416 1070 ,

1308 1067 1326 1085 ²*
1350 1068 1477 1104 praesenti
1495 1068 1539 1098 vel
1560 1068 1737 1106 praesentibus
1755 1069 1832 1099 idem
1851 1073 1912 1100 Rex
1934 1075 2096 1103 Francorum
2122 1083 2189 1106 tunc
2209 1079 2241 1108 ὅς
2260 1078 2365 1108 ibidem

1309 1105 1395 1137 tradet·
1413 1108 1458 1136 seu
1477 1107 1546 1137 tradi
1565 1108 1649 1138 faciet
1667 1117 1734 1138 cum
1754 1107 1867 1139 effectu.

1346 1144 1421 1175 11*ss
1432 1154 1477 1182 M,
1490 1144 1705 1188 *Conventunh
1724 1146 1958 1187 Concordatutn,
1975 1151 2008 1181 &
2024 1150 2198 1184 Conclusum
2215 1154 2266 1190 est,
2285 1156 2366 1195 quod

1308 1194 1410 1214 omnes
1426 1186 1460 1215 ὃς
1480 1185 1590 1224 lingulae
1608 1183 1737 1222 injuriae,
1755 1185 1987 1227 Molestationes‚
2007 1189 2199 1231 Gravamina‚
2222 1194 2356 1233 Datnpna

1309 1223 1342 1252 &
1368 1223 1486 1269 Offensa
1510 1232 1703 1266 quaecunque,
1718 1227 1783 1261 Regi
1808 1228 1968 1256 Francorum
1987 1229 2077 1266 ejusve
2103 1230 2223 1270 Regno,
2253 1219 2368 1265 Patriis²

1310 1260 1423 1305 Terris,
1442 1261 1566 1304 Larius,
1585 1261 1679 1299 viliis,
1698 1261 1835 1301 Oppiffls,
1853 1264 2038 1305 Civitatibus,
2055 1268 2233 1309 Terriroriis⁷
2249 1273 2282 1303 &
2298 1258 2369 1304 Do?

1311 1310 1428 1337 minus,
1446 1298 1587 1342 inchoris,
1612 1301 1644 1330 ὅς
1673 1301 1883 1333 Η.ιὶ)ίῐ;ιῑοῑὼυ5
1909 1306 2076 1336 eorumdem
2102 1318 2147 1338 aut
2168 1310 2289 1340 ,Jubditis
2306 1313 2368 1349 qui-

1310 1337 1472 1377 buscunque
1490 1338 1613 1380 ejuldem
1629 1341 1706 1376 Regis
1723 1343 1900 1381 Francorum,
1918 1354 1966 1381 per
1987 1343 2091 1384 Cives,
2111 1346 2257 1386 Incholas,
2279 1349 2368 1380 Habi-

1311 1385 1432 1420 tatores‚
1449 1385 1493 1406 aut
1518 1378 1651 1407 subditos
1669 1378 1754 1408 aiche
1776 1383 1908 1410 Civitatis
1932 1385 2097 1423 Tornacenszs
2120 1387 2154 1416 ὅ(
2172 1387 2319 1419 Territorii
2340 1400 2370 1420 e⁴

1308 1416 1418 1460 justici-ii
1436 1416 1599 1458 Armigeros
1613 1415 1721 1446 Gentes
1741 1417 1896 1449 Armorum
1914 1421 2096 1460 quoscunque
2113 1424 2167 1454 sive
2184 1425 2296 1457 Pedites
2315 1428 2370 1459 sive

1312 1454 1444 1499 Equites³
1463 1457 1656 1499 praerato-Regi
1670 1455 1782 1499 augliae
1801 1465 1844 1487 aut
1864 1458 1953 1489 dieta&
1968 1460 2086 1492 ¹Civitati
2103 1470 2231 1503 tempore
2248 1476 2305 1503 quo
2324 1467 2370 1498 di-

1314 1495 1358 1523 eta
1374 1493 1482 1537 Civitas
1500 1497 1550 1524 luit
1569 1495 1620 1537 iub
1634 1493 1754 1525 Dmone
1771 1498 1850 1532 Regis
1865 1498 1976 1534 Aogsiae
1993 1499 2168 1540 Serviente5‚
2182 1504 2371 1543 cujuscunque.

1314 1531 1451 1563 Nationis
1476 1542 1522 1563 aut
1547 1532 1648 1563 Patriae
1674 1535 1831 1575 extiterint,
1855 1538 1956 1572 quovis
1975 1539 2065 1568 inodo
2084 1541 2117 1569 &
2135 1543 2284 1573 occalione
2301 1554 2370 1581 qua-

1313 1580 1442 1610 cunque,
1462 1581 1511 1608 per
1525 1570 1643 1614 Terram
1662 1570 1745 1602 Mare
1763 1573 1796 1603 ὃς
1812 1575 1906 1613 Aquas
1924 1574 2017 1606 dulces
2036 1578 2266 1620 qualitercunque
2283 1593 2372 1622 quan-

1313 1609 1469 1648 docunque
1487 1620 1532 1639 aut
1553 1611 1732 1648 ubicunque,
1752 1620 1813 1641 ante
1828 1611 1934 1643 Datani
1957 1614 2134 1647 Praesenzium
2154 1619 2237 1649 facrae
2256 1621 2288 1651 &
2314 1621 2371 1651 illa-

1315 1656 1365 1686 tae,
1387 1648 1499 1685 penitus
1518 1657 1566 1684 per
1583 1647 1694 1688 dietum
1709 1653 1870 1679 Francorum
1887 1654 1982 1688 Πρω
2001 1655 2157 1686 aboliantur
2176 1659 2207 1688 &
2227 1660 2372 1691 remittan-

1316 1695 1377 1724 tur,
1402 1688 1445 1729 &¹
1459 1695 1507 1723 per
1532 1685 1681 1727 Prpeientes
1700 1688 1847 1718 abolentur
1870 1694 1901 1720 ὰ-
1929 1693 2124 1732 remittuntur,
2144 1698 2178 1726 ὃς
2195 1697 2233 1726 ab
2249 1699 2374 1736 ejusdem

1316 1724 1461 1768 Memoria
1487 1730 1596 1771 prorius
1621 1724 1782 1769 deleantur3
1807 1729 1885 1765 quod
1905 1727 1996 1760 dietus
2014 1734 2176 1762 Francorum
2201 1738 2261 1765 Rex
2281 1738 2373 1774 ejusve

1316 1763 1452 1794 Subditus
1467 1772 1513 1793 aut
1527 1763 1750 1807 §onfoeoeratus
1768 1766 1958 1806 quiscunque,
1977 1770 2165 1808 cujuscunque
2188 1772 2281 1804 Status
2300 1776 2376 1807 Gra-v

1315 1801 1368 1832 dus
1386 1811 1431 1833 aut
1446 1800 1631 1845 Conditiouis
1648 1802 1765 1841 existat,
1782 1803 1888 1835 eisdem
1904 1805 2044 1846 Civibus,
2062 1808 2206 1850 IncholiS,
2226 1813 2375 1845 Habitare-

1315 1842 1409 1880 ribus,
1428 1850 1476 1872 aut
1491 1840 1613 1870 Subditis
1630 1840 1718 1872 dictae
1730 1841 1860 1873 Civitatis
1875 1844 2063 1877 Tornacenfis
2080 1849 2113 1879 ὃς
2130 1850 2281 1882 Territorii
2304 1854 2375 1891 ejus-

1314 1880 1383 1911 dem
1393 1902 1402 1917 ‚
1421 1888 1469 1910 aut
1480 1878 1638 1916 Armigeris
1650 1880 1793 1922 Gentibus
1807 1881 1967 1913 Armorum
1982 1885 2039 1915 iive
2055 1885 2198 1918 Peditibus
2214 1889 2270 1920 sive
2287 1890 2376 1931 Equi-

1315 1919 1389 1950 tibus
1406 1917 1619 1965 quibuscunque
1629 1920 1753 1962 'praeiato
1772 1922 1836 1956 Regi
1855 1921 1968 1959 Angliae
1987 1933 2033 1954 aut
2050 1924 2136 1955 dictae
2159 1926 2280 1959 Civitati
2297 1938 2373 1961 tem-

1316 1967 1384 1994 pore
1403 1968 1461 1996 quo
1475 1956 1552 1987 dieta
1566 1958 1676 1998 (ascitas
1695 1958 1746 1987 fuit
1759 1958 1808 1988 sub
1821 1958 1941 1990 Ditione
1957 1962 2078 1999 ejusdem
2094 1967 2169 2002 Regis
2180 1967 2292 2004 Angliae
2310 1969 2375 1999 Ser-

1317 1997 1474 2033 vientibus‚
1494 1997 1550 2033 ejus
1563 1995 1620 2025 Rei
1638 1995 1738 2027 Gratia
1760 1998 1914 2035 quicquam
1926 1999 2012 2030 Vultu
2030 2002 2127 2032 Verbo
2139 2004 2227 2035 Facto
2245 2016 2291 2037 aut
2306 2007 2375 2039 Nu-

1316 2043 1347 2066 tu
1366 2036 1539 2074 improperet
1556 2035 1704 2079 exprobret
1722 2045 1767 2066 aut
1782 2037 1989 2076 impingatstel
2008 2041 2108 2077 quovis
2128 2043 2217 2073 modo
2234 2045 2278 2075 seu
2297 2056 2376 2083 quie-

1318 2075 1369 2106 fito
1387 2074 1484 2106 colore
1504 2073 1533 2104 id
1552 2074 1695 2104 vmdicare
1712 2075 1756 2105 vel
1784 2075 1877 2106 ulcisci
1903 2080 2056 2109 contendat
2081 2089 2127 2110 aut
2146 2083 2310 2122 praesurnat,
2330 2086 2374 2115 vel

1318 2125 1367 2153 per
1385 2113 1452 2145 alios
1468 2113 1576 2155 directe
1597 2113 1641 2144 vel
1659 2113 1796 2144 indireete
1816 2115 1860 2145 seu
1877 2117 1975 2155 quovis
1991 2117 2046 2149 alio
2063 2120 2178 2157 quaelito
2197 2122 2296 2152 colore
2314 2125 2373 2154 viu-

1319 2154 1415 2184 dicare
1434 2153 1478 2184 vel
1497 2152 1592 2182 ulcisci
1610 2162 1744 2190 procuret
1763 2163 1809 2184 aut
1831 2154 1907 2185 sinat.

1356 2191 1490 2229 ITEM,
1509 2190 1716 2229 Conventum,
1735 2191 1971 2232 Concordatum‚
1990 2196 2023 2225 &
2042 2195 2220 2228 Conclusum
2239 2199 2280 2229 est
2295 2201 2377 2240 quod

1321 2231 1429 2267 Cives,
1444 2229 1590 2267 lncholae,
1609 2231 1642 2260 &
1668 2229 1849 2260 Habitatores
1874 2232 1961 2262 dictae
1986 2237 2118 2264 Civitatis
2143 2237 2312 2279 Tornacenfis
2344 2241 2379 2271 δε

1321 2269 1476 2299 Territorii
1491 2267 1613 2304 ejusdem
1633 2277 1715 2297 erunt
1733 2269 1760 2297 in
1780 2269 1879 2298 eadem
1900 2272 1933 2301 δε
1954 2273 2091 2302 consimili
2110 2284 2142 2305 ac
2161 2284 2237 2306 tanta
2252 2277 2382 2309 Liberta-

1322 2315 1350 2337 te
1368 2308 1397 2337 in
1415 2306 1552 2336 omnibus
1568 2305 1669 2348 &per
1689 2308 1790 2337 omnia
1808 2308 1864 2344 qua
1881 2308 1992 2340 fuerunt
2008 2320 2158 2351 antequam
2174 2314 2250 2345 dieta
2273 2315 2384 2347 Civitas

1324 2348 1358 2377 &
1385 2345 1578 2375 Territorium
1595 2344 1715 2382 ejusdem
1735 2346 1765 2374 in
1791 2344 1942 2377 Ditionem
1963 2352 2040 2386 Regis
2065 2350 2177 2389 Angliae
2196 2352 2323 2385 devenit:
2344 2355 2384 2388 Ec

1324 2384 1415 2414 dietus
1432 2386 1492 2412 Rex
1507 2381 1620 2420 Angliae
1640 2382 1754 2425 eosdem
1773 2393 1873 2415 omnes
1891 2387 1924 2416 ὃ(
1943 2386 2064 2425 singulos
2081 2391 2118 2419 ab
2133 2392 2216 2421 omni
2231 2392 2384 2424 Obedien-

1324 2423 1362 2452 tia
1381 2423 1413 2453 &
1434 2421 1604 2459 Juramento
1624 2420 1774 2452 Fidelitatis
1792 2423 1841 2452 fibi
1858 2424 1985 2461 praestitis
2003 2429 2115 2464 penitus
2131 2432 2295 2462 exonerabit
2315 2432 2386 2463 libe-

1325 2461 1396 2490 rabit
1415 2461 1448 2490 &
1474 2459 1617 2497 absolvet,
1641 2468 1726 2497 prout
1745 2470 1794 2498 per
1811 2460 1961 2492 Praesentes
1979 2474 2109 2496 exonerat
2126 2468 2227 2500 liberat
2242 2470 2276 2500 δε
2294 2471 2386 2502 absol-

1328 2500 1388 2536 vit3
1404 2498 1441 2528 ita
1459 2497 1538 2536 quod
1557 2507 1658 2527 omnes
1676 2499 1710 2529 &
1728 2497 1825 2536 singuli
1841 2498 1928 2530 Cives
1943 2500 2071 2533 Incholae
2089 2506 2121 2534 &
2144 2505 2324 2539 Habitatores
2341 2509 2387 2540 di-

1328 2538 1385 2568 &ae
1402 2535 1533 2567 Civitatis
1551 2536 1585 2567 &
1601 2534 1753 2566 Territorii
1770 2536 1842 2567 adeo
1861 2539 1954 2575 quiete
1972 2542 2004 2570 &
2023 2542 2142 2578 pacifice
2159 2545 2254 2577 vivant
2286 2549 2318 2578 &
2333 2547 2388 2578 Ci-

1328 2577 1445 2606 vitatem
1471 2584 1538 2605 cum
1563 2573 1725 2604 Territorio
1742 2574 1778 2604 de
1793 2574 1874 2606 dieto
1896 2580 1964 2615 Rege
1991 2583 2152 2611 Francorum
2168 2569 2273 2614 eisdeni
2292 2587 2385 2617 modo

1327 2616 1362 2646 &
1380 2612 1477 2644 forma
1495 2613 1566 2657 adeo
1584 2612 1672 2643 libere
1692 2621 1820 2651 teneant,
1845 2616 1914 2646 sicut
1939 2619 2014 2654 prius
2037 2628 2185 2652 tenuerunt
2203 2624 2236 2654 ὃς
2255 2625 2387 2656 vixerunt

1329 2662 1481 2690 antequam
1500 2661 1530 2681 m
1545 2649 1653 2681 Manus
1670 2652 1703 2682 &
1719 2651 1893 2683 Potestatem
1907 2658 1984 2693 Regis
2001 2658 2116 2694 Angliae
2133 2670 2328 2696 pervenerunt.

1368 2691 1411 2721 IT
1422 2700 1439 2721 E
1451 2699 1495 2728 M,
1515 2688 1723 2727 Conventum,
1741 2690 1978 2728 Concordatum,
1999 2697 2031 2726 ὃς
2048 2696 2226 2729 Conclusum
2242 2701 2283 2730 est
2298 2702 2378 2739 quod

1330 2731 1401 2761 cum
1418 2732 1498 2759 Cives
1513 2727 1690 2772 Tczrnacenfi’r
1702 2731 1734 2758 &c
1750 2729 1874 2767 ejusdem
1888 2730 2016 2763 lncholae
2032 2736 2065 2766 &
2080 2736 2258 2769 Habitatores
2272 2741 2300 2769 in
2315 2726 2394 2771 Trai

1330 2769 1457 2800 dietione
1475 2766 1561 2797 dietae
1575 2766 1704 2796 Civitatis
1718 2768 1751 2798 ὃς
1769 2768 1933 2808 Territorii‚
1951 2773 1980 2800 in
1996 2771 2100 2803 Manus
2115 2776 2220 2812 praefati
2235 2780 2311 2814 Regis
2322 2782 2392 2808 An·—

1329 2808 1392 2846 gliae
1408 2806 1483 2837 saeta
1498 2828 1508 2844 ‚
1533 2805 1716 2842 promiserunt
1741 2805 1845 2837 Eidem
1871 2807 2024 2840 Summam
2048 2816 2243 2854 quinquaginta
2269 2817 2391 2847 Millium

1331 2851 1497 2877 Coronarum
1521 2847 1599 2874 Auri
1621 2844 1784 2875 solvendam
1802 2846 1895 2876 eidem
1922 2847 2088 2881 Haeredibus
2106 2860 2152 2882 aut
2177 2853 2394 2887 Succefforibus

1332 2886 1386 2917 suis
1403 2885 1485 2916 certis
1510 2882 1610 2913 Modis
1636 2883 1723 2913 Locis
1746 2885 1779 2914 δε
1804 2885 1951 2916 Terminis
1968 2896 2036 2918 tunc
2055 2893 2217 2930 conventis,
2235 2894 2312 2931 cujus
2329 2896 2395 2933 qui-

1334 2925 1402 2956 dem
1422 2924 1550 2954 Summae
1569 2930 1642 2952 certa
1665 2921 1765 2953 Portio
1785 2924 1818 2954 &
1840 2924 1907 2955 Pars
1924 2925 2028 2957 residua
2045 2928 2085 2958 est
2105 2929 2137 2959 ὃς
2156 2930 2238 2961 restat
2257 2932 2394 2972 insoluta5

1334 2963 1425 2994 dietus
1440 2965 1601 2992 Francorum
1615 2963 1676 2990 Rex
1695 2961 1729 2991 de
1744 2960 1872 2993 Reliduo
1887 2963 1973 2994 dietae
1994 2965 2122 2998 Summae
2147 2969 2276 3000 nondum
2294 2971 2394 3002 solutae

1336 3002 1372 3033 Se
1387 3001 1559 3032 Debitorem
1575 3000 1655 3030 ditsto
1667 3002 1732 3037 Regi
1748 3000 1860 3037 Angliae
1878 3002 1988 3042 ejuique
2003 3004 2173 3036 Haeredibus
2191 3009 2224 3039 &
2242 3008 2394 3040 Successo-

1335 3042 1412 3071 ribus
1430 3039 1594 3077 constituit,
1611 3039 1644 3069 ὃς
1663 3039 1782 3069 eandem
1797 3040 1947 3071 Summani
1968 3053 2019 3079 pro
2038 3044 2114 3074 dieta
2129 3045 2252 3077 Civitate
2271 3048 2304 3078 ὃς
2322 3049 2395 3079 No*-

1338 3081 1418 3109 mine
1435 3078 1558 3115 ejusdem
1578 3077 1696 3115 praefato
1718 3081 1782 3115 Regi
1799 3079 1928 3117 Angliae,
1949 3081 2059 3119 ejusque
2082 3083 2252 3116 Haeredibus
2269 3086 2301 3117 &
2322 3086 2396 3117 Suc-

1336 3118 1510 3154 cessoribus‚
1528 3117 1556 3145 in
1576 3115 1696 3158 Oppido
1718 3115 1828 3154 Carini,
1849 3118 1993 3150 Terminis
2010 3122 2043 3150 &
2059 3121 2161 3153 Modis
2179 3132 2247 3154 tunc
2265 3134 2395 3155 converb-

1338 3159 1390 3195 tis,
1409 3157 1496 3187 solvet
1513 3154 1558 3185 seu
1576 3155 1646 3185 iolvi
1663 3154 1747 3186 faciet
1763 3155 1863 3195 absque
1887 3159 1967 3188 omni
1991 3158 2061 3189 dolo
2080 3159 2177 3192 fraude
2195 3171 2241 3193 aut
2260 3162 2397 3197 dilatione

1357 3206 1446 3226 uacun
1469 3205 1513 3225 ue.

1337 3206 1354 3235 q
1375 3234 1421 3269 lgr
1432 3205 1505 3272 eqM,
1525 3232 1732 3277 conventum,
1747 3233 1985 3277 Concordatum‚
2003 3237 2037 3268 &
2054 3236 2232 3269 Conclusum
2246 3240 2287 3269 est
2302 3239 2399 3279 quod,'

1339 3283 1403 3304 ante
1423 3273 1625 3303 Traditionem
1643 3271 1730 3302 ‹1161ae
1749 3271 1881 3303 Civitatis
1900 3275 1927 3304 in
1950 3274 2056 3305 Manus
2075 3277 2180 3313 praefati
2202 3280 2278 3315 Regis
2298 3279 2394 3309 Gallo-

1340 3322 1415 3349 rum,
1433 3311 1524 3342 dietus
1538 3314 1598 3340 Rex
1612 3311 1741 3353 Angiiae,
1758 3311 1850 3349 ejusve
1866 3312 2046 3350 Depputatus
2065 3316 2120 3345 live
2134 3314 2308 3354 Depputati,
2327 3327 2396 3355 pos-

1341 3350 1372 3380 sit
1389 3352 1422 3382 &
1439 3350 1538 3380 debeat
1563 3359 1596 3379 ac
1620 3351 1722 3389 polinic
1741 3350 1774 3380 &
1792 3350 1910 3381 debeant
1926 3361 2025 3381 omnes
2046 3351 2232 3391 Bombardas‚
2251 3354 2397 3387 Tormen-

1343 3398 1368 3419 ta
1387 3389 1506 3426 bellica,
1524 3387 1671 3425 Pulveres,
1693 3388 1830 3426 Lapides,
1854 3389 1914 3419 Pila
1937 3389 2033 3420 Ferrea
2052 3393 2084 3422 ὃ(
2108 3391 2264 3431 plumbea,
2290 3404 2323 3425 ac
2341 3396 2395 3428 alia

1342 3427 1598 3458 instrumentorum
1617 3426 1785 3457 bellicorum
1806 3428 1861 3457 iive
1886 3429 2043 3458 Armorum
2070 3429 2263 3461 lnvaiivorum
2279 3442 2325 3464 aut
2345 3434 2396 3464 de-

1341 3465 1516 3496 fenfivorum
1539 3465 1654 3496 Genera
1672 3475 1868 3503 quaecnnque,
1886 3476 2056 3506 quocunque
2074 3469 2192 3498 nomine
2211 3470 2396 3511 censeantur,

1341 3514 1457 3535 necnon
1481 3503 1634 3540 Vidiualia,
1654 3504 1807 3543 omniaque
1827 3505 1859 3534 ὃς
1877 3505 1981 3540 ringula
1999 3505 2048 3535 alia
2067 3514 2116 3541 per
2133 3506 2279 3545 praefatum
2299 3513 2396 3547 Regem

1341 3542 1452 3579 Angliae
1479 3543 1511 3574 &
1538 3543 1593 3579 ejus
1619 3542 1798 3580 Deputatos‚
1815 3553 1866 3580 pro
1892 3543 2032 3573 Tuitione
2055 3543 2228 3576 Defenfione
2249 3547 2282 3577 &
2311 3549 2395 3580 Salva.

1344 3580 1484 3612 Custodia
1503 3579 1588 3611 dietae
1612 3579 1742 3611 Civitatis
1766 3582 1799 3611 ὅ(
1820 3582 1967 3611 Τεῑῑὶυῑτιὶ
1986 3581 2029 3610 vel
2046 3581 2097 3611 alia
2117 3593 2282 3622 quacunque
2302 3586 2396 3620 Causa

1341 3629 1436 3657 empta
1453 3627 1545 3655 parata
1564 3619 1618 3649 five
1637 3619 1761 3649 ordinata
1778 3620 1811 3649 ὃς
1836 3620 1906 3648 inibi
1925 3619 2055 3657 reposita,
2079 3621 2179 3660 absque
2202 3623 2397 3661 Impedimen-

1341 3667 1389 3695 to,
1409 3657 1627 3694 Molestationo‚
1646 3658 1837 3696 Gravaniiiie,
1857 3665 1902 3685 aut
1917 3656 2154 3689 Contradistione
2163 3660 2237 3698 Juris
2255 3663 2298 3692 vel
2316 3663 2397 3695 Paeti

1343 3695 1450 3735 praefati
1466 3699 1542 3732 Regis
1554 3699 1716 3725 Francorum
1733 3696 1788 3725 sive
1802 3696 1919 3724 Civium
1938 3705 1986 3727 aut
1997 3694 2218 3729 Inhabitantium
2236 3699 2322 3732 dierae
2339 3703 2395 3733 Ci-

1343 3736 1432 3766 vitatis
1447 3734 1481 3765 ὃ(
1505 3735 1654 3764 Territorii
1678 3743 1724 3763 aut
1742 3733 1855 3769 alicujus
1877 3733 1984 3764 alterius
2002 3736 2123 3772 ejusdem
2150 3736 2242 3773 Regis
2266 3738 2376 3771 Subditi

1343 3773 1532 3812 cujuscunque
1546 3772 1638 3814 Status
1657 3771 1768 3801 Gradus
1781 3780 1825 3800 aut
1839 3770 2022 3812 Conditionis
2039 3774 2152 3812 existat,
2167 3775 2254 3806 libere.
2269 3778 2302 3808 δε
2316 3765 2397 3816 quie³

1344 3815 1372 3842 te
1397 3811 1552 3848 abducere,
1570 3813 1723 3852 aiportare,
1741 3810 1773 3850 ὅ(
1792 3810 1966 3841 transvehere
1988 3821 2036 3849 per
2057 3812 2177 3843 Terram
2202 3814 2283 3846 Mare
2301 3817 2335 3847 &
2354 3819 2398 3849 A<

1344 3860 1411 3890 quas
1425 3850 1518 3879 dulces
1536 3850 1606 3879 dieti
1623 3848 1720 3884 Regni
1735 3848 1861 3878 Franciae
1880 3850 1908 3879 in
1925 3850 2058 3890 Regnum
2074 3851 2187 3887 Angliae
2206 3854 2260 3884 sive
2274 3855 2308 3885 ad
2331 3856 2397 3894 Op-

1344 3889 1444 3926 pidum
1471 3886 1580 3917 Caliliae
1605 3896 1650 3916 aut
1676 3886 1789 3916 Locum
1816 3888 1901 3918 alium
1919 3899 2121 3927 quemcunque
2137 3892 2267 3927 quotiens
2285 3895 2398 3931 quando

1343 3928 1376 3958 &
1401 3934 1571 3965 quocunque
1602 3924 1691 3954 modo
1717 3925 1837 3955 voluerit
1858 3936 1903 3957 aut
1929 3929 2069 3958 maluerit:
2100 3927 2138 3957 Et
2163 3930 2243 3968 quod
2270 3932 2397 3968 praefatus

1346 3969 1403 3995 Rex
1428 3967 1590 3994 Francorum
1607 3973 1809 4002 quemcunque
1829 3964 1883 3994 live
1903 3967 2080 4004 quoscunque
2108 3965 2304 4007 Molestmoes,
2324 3970 2400 4001 Gra-

1346 4012 1457 4040 vanoes,
1469 4004 1507 4045 ¹&
1524 4001 1774 4038 ContradicenteS,
1792 4003 1848 4033 sive
1866 4004 2019 4042 impedire,
2039 4003 2199 4044 molestare,
2218 4017 2350 4045 gravare,
2364 4011 2397 4040 δι’.

1347 4040 1540 4075 contradicere
1566 4039 1700 4110 ΥοΙεηιῧε
1726 4040 1782 4071 sive
1803 4039 1948 4074 Conantes
1963 4063 1973 4079 ‚
1999 4041 2103 4074 realiter
2123 4043 2156 4075 &
2184 4054 2251 4075 cum
2275 4045 2399 4086 effectu,

1713 4086 1733 4107 2
2351 4084 2406 4116 im-
