2542 4274
51 191 126 224 Ann.
137 189 178 221 D.

71 238 155 269 15÷4·

52 268 182 310 36Hen.8.

52 481 72 499 θ
93 481 158 507 XV.

50 524 95 554 45.

49 557 127 587 Ann.
144 554 184 585 1).

82 602 163 632 1544-

50 634 113 660 ibid.

47 680 84 698 m.
103 672 132 697 6.

54 3282 70 3297 ⁰
88 3282 154 3308 XV.

55 3328 101 3354 49-

208 121 225 149 1
238 122 253 148 1
265 107 286 146 8

241 191 275 222 In
291 190 390 223 witnes
401 186 529 227 wherof,
545 185 614 224 &cs

242 265 384 300 Witneffe
397 265 462 296 Our
478 264 540 296 Self
551 272 579 296 at
596 263 702 306 Wstm.
719 264 767 297 the
779 263 933 296 thirteenth
949 264 1000 304 day
1013 263 1049 294 of
1056 262 1130 302 July.

890 343 944 371 Per
956 339 1038 378 ipfinn
1055 341 1159 374 Regem.

488 466 516 495 Ἃρ
543 470 592 502 De
615 465 829 501 Pardonatione
840 463 977 511 speciali.

210 551 324 610 REX
337 550 484 585 Omnibus
500 553 534 584 ad
550 563 638 591 quos,
657 554 717 585 &c.
737 552 882 594 Salutem..
1259 582 1267 589 ,

302 592 381 623 Cum
398 592 561 623 willielmus
574 591 739 623 Whorwood
750 587 895 620 Generalis
911 586 1076 620 Atrornatus
1089 584 1200 623 noster,
1218 593 1267 628 qui

208 639 261 669 pro
283 631 366 662 nobis
389 633 525 670 requitur,
543 631 589 661 die
610 629 710 660 Martis
730 628 852 666 proximi
868 626 930 664 post
942 625 1057 670 Festum
1072 624 1183 669 Santstae
1198 623 1268 654 Tri-

205 671 316 707 nitatis,
334 670 456 708 sci'icet,
473 671 588 700 decimo
608 668 728 705 septimo
747 666 793 697 die
811 665 877 703 julii
900 665 1002 694 ultimo
1027 671 1186 707 praeterito,
1212 671 1264 699 pro

205 710 290 738 nobis
306 709 464 746 prosecutus
481 708 582 744 fuerit,
599 707 626 736 in
646 705 734 735 Curia
749 703 846 735 nostra
861 712 958 735 coram
974 702 1054 732 nobis
1070 701 1144 738 apud
1165 700 1265 730 &Vest-

208 747 431 781 monasterium,
450 746 588 784 quandam
609 744 707 774 Billam
727 742 818 772 versus
835 741 994 772 Arthurum
1014 738 1208 777 Bangorensem
1224 740 1266 766 Ε-

199 787 326 825 piscopum
347 787 379 816 &
402 784 559 824 Johannem
584 785 685 813 Lewes
706 780 874 818 Clericurn,
891 781 953 810 alias
974 778 1082 809 dietum
1105 777 1265 821 Joharrnem

204 822 334 863 Vaughan
358 824 504 854 Clericum
521 846 531 861 ‚
562 822 592 851 in
618 820 758 851 Custodia
783 818 941 850 Marescalli
963 815 1153 847 Marescalciae
1178 815 1263 858 didiae

205 863 304 895 Curioe
329 862 421 892 nostra
444 868 545 891 coram
569 861 652 890 nobis
668 857 785 889 existen.
799 858 835 887 de
850 854 1012 895 quibusdam
1027 853 1264 899 Transgreffiotii·

203 904 276 942 bus,
290 901 531 938 Contemptibus,
550 897 722 936 Praejudiciis
744 896 777 927 &
801 895 1041 937 Derogationibus
1056 893 1141 936 nobis
1158 902 1205 931 per
1221 902 1264 929 ip-

203 941 264 978 sOS,
283 949 382 970 contra
409 939 530 969 formam
552 937 652 967 Statuti
672 936 708 965 de
730 933 923 965 Provisoribus
946 942 976 976 in
992 930 1181 975 Parliamerito
1196 930 1264 960 Do-

205 980 275 1010 mini
290 978 402 1009 Ricardi
415 985 496 1016 nuper
511 979 588 1014 Regis
605 973 716 1012 Angliae
732 972 843 1003 Secundi
856 972 1048 1013 Progenitoris
1062 969 1167 1013 nostri,
1187 968 1262 1007 apud

203 1019 350 1057 VVynton.
373 1017 459 1046 Anno
479 1015 577 1051 Regni
598 1013 635 1042 sui
656 1011 852 1042 sextodecimo
881 1017 978 1046 tento,
1004 1007 1089 1045 editi,
1108 1009 1142 1040 ὅτ.
1164 1016 1264 1052 contra

205 1057 330 1088 formam
355 1055 455 1086 Statuti
483 1055 511 1083 in
536 1051 728 1083 Parliamento
754 1048 855 1079 nostro
881 1046 954 1085 apud
971 1045 1263 1077 Westmonasterium

203 1095 294 1127 Anno
315 1091 410 1124 Reoni
435 1091 574 1123 vicesimo
594 1089 699 1120 oCtavo
720 1095 822 1118 contra
846 1085 1084 1122 Extollationem,
1102 1084 1264 1122 Expositio-

204 1144 291 1171 nem,
311 1118 556 1163 Maiiutenentiam
577 1129 609 1159 &
636 1126 843 1158 Defensionem
862 1124 1044 1155 Auctoritatis
1056 1123 1265 1161 Jurisdiffionis

202 1173 237 1204 δε
262 1171 410 1202 Potestatis
431 1167 550 1206 Episcopi
563 1169 677 1197 Romani
696 1166 728 1195 &
742 1163 821 1194 Sedis
834 1163 890 1194 suae
904 1162 1016 1193 editi&
1034 1161 1120 1198 fasti,
1137 1163 1170 1193 &
1187 1162 1261 1193 unde

202 1210 332 1249 praedi‘sti
345 1207 489 1239 Arthurus
506 1204 679 1245 Bangorenfis
694 1202 834 1242 Epifiopux
849 1203 882 1234 ὃς
906 1200 1051 1245 Johqnnes
1070 1203 1171 1230 Lewes
1194 1200 1263 1245 Cle-

203 1251 293 1283 ricus,
312 1257 360 1284 per
376 1255 478 1276 eorum
493 1243 700 1282 Cognitionem
713 1242 858 1278 propriam
873 1241 903 1271 in
919 1239 1006 1270 Curia
1023 1238 1117 1283 nostra
1130 1239 1264 1277 praedrffih

203 1296 301 1318 coram
323 1285 407 1315 nobis
428 1283 526 1321 sponte
548 1282 671 1318 factam,
688 1279 818 1310 convieti
840 1278 983 1316 existunt,
1002 1287 1087 1316 prout
1109 1287 1138 1308 in
1162 1277 1262 1309 eadem

202 1325 291 1357 Curia
304 1323 399 1354 nostra
415 1330 511 1353 coram
525 1320 609 1352 nobis
621 1320 732 1357 plenius
744 1319 833 1356 liquet
851 1317 887 1348 de
901 1317 1061 1352 Recordo,

241 1363 309 1394 Nos
330 1362 436 1392 Pietate
455 1360 545 1396 moti,
563 1358 749 1395 volantesque
763 1357 862 1387 intuitu
876 1355 990 1386 Pietatis
1004 1354 1121 1395 praefato
1135 1354 1265 1385 Arthure

200 1399 367 1439 Bangorenfi
378 1399 502 1438 Epifiopo
519 1399 552 1428 ὃς
566 1396 695 1434 Johanni
708 1399 824 1432 Lewes,
841 1395 874 1426 &
890 1403 990 1425 eorum
1009 1395 1120 1431 utrique
1131 1393 1260 1424 Gratiam

198 1440 345 1478 specialem
366 1438 399 1468 &
416 1435 642 1467 Misericordiam
664 1434 785 1471 inferre,
809 1433 846 1463 de
861 1432 961 1463 Gratia
975 1431 1068 1462 nostra
1080 1431 1209 1470 speciali,
1228 1442 1263 1462 ac

201 1489 235 1510 ex
256 1486 330 1508 certa
353 1476 473 1506 Scientia
488 1476 520 1506 &
539 1484 620 1505 mero
636 1473 726 1503 Motu
743 1471 861 1509 nostris,
879 1471 1098 1501 Pardonavimus
1112 1470 1265 1511 Rem-{fimus-

199 1518 234 1548 ξε
252 1515 448 1546 Relaxavimus
459 1537 470 1552 ,
494 1522 527 1543 ac
543 1522 590 1549 per
605 1512 754 1544 Praesentes
769 1511 957 1541 Pardonamus
971 1512 1142 1539 Remittimus
1154 1509 1192 1544 ὠ·
1208 1512 1263 1538 Re-

201 1555 326 1586 laxamus
347 1553 464 1591 praefato
485 1551 614 1582 Arthuro
637 1550 804 1590 Bangorenfi
823 1548 948 1588 Epifiopo
964 1548 1002 1584 όν
1017 1547 1145 1585 Johanm·
1161 1551 1261 1578 Lewes

199 1596 232 1627 ὃς
247 1603 348 1623 eorum
363 1593 492 1629 utrique,
507 1590 732 1628 quibuscumque
739 1588 918 1619 Nominibus
931 1587 964 1617 &
980 1586 1180 1617 Additionibus
1190 1586 1259 1616 No-

199 1634 311 1664 minum
328 1631 375 1661 vel
390 1629 616 1667 Cognominum
633 1627 797 1658 censeantur
816 1629 849 1658 &
877 1634 1092 1662 nuncupentur,
1113 1626 1147 1656 &
1161 1635 1264 1666 eorum

199 1675 318 1707 uterque
347 1668 488 1699 censeatur
516 1667 550 1697 &
574 1675 775 1704 nuncupetur,
804 1663 1067 1703 Transgreffionem
1084 1686 1093 1701 ,
1116 1663 1265 1701 Ostensas,

202 1709 415 1747 Contemptum
424 1729 433 1744 ,
452 1705 653 1741 Praeiudicium
675 1706 708 1735 &
723 1703 948 1741 Derogationem
962 1701 1113 1739 praedieta,
1125 1712 1163 1745 ⁶ac
1179 1701 1264 1731 Con-

200 1747 359 1778 vifflonem
383 1746 416 1776 &
437 1742 739 1781 condempnationem
755 1742 919 1779 praedistas,
938 1750 1052 1770 necnon
1064 1739 1176 1778 Judicia
1191 1750 1264 1777 prae-

201 1786 277 1816 dieta
291 1783 379 1814 versus
391 1793 439 1813 eos
455 1792 489 1813 ac
506 1791 605 1812 eorum
621 1790 773 1818 utrumque
787 1780 822 1810 de
838 1781 870 1810 &
886 1780 964 1817 super
978 1778 1129 1809 Praemiffis
1142 1778 1265 1816 reddita,

199 1834 235 1856 ac
258 1824 354 1854 omnia
378 1821 630 1859 Imprisonamenta
645 1843 655 1858 ,
680 1819 870 1850 Executiones
884 1843 893 1855 ,
920 1818 1024 1849 Poenas
1044 1817 1205 1861 corporales
1228 1819 1262 1848 δε

201 1861 400 1893 Ροῑὶεῗεῑξὶυως
414 1870 479 1897 quae
491 1859 582 1889 versus
596 1868 644 1887 eos
660 1859 692 1888 ὃς
711 1867 809 1888 eorum
829 1865 1001 1893 utrumque,
1019 1864 1126 1885 tatione
1148 1855 1193 1885 vcl
1209 1864 1263 1885 oc-

201 1902 312 1932 casione
336 1897 550 1930 Praemissorum
565 1920 576 1936 ,
598 1896 744 1936 infligere,
767 1896 917 1934 imponere
931 1917 942 1932 ,
959 1895 1085 1932 exigere,
1102 1892 1149 1923 seu
1161 1893 1263 1924 habere

203 1940 378 1978 poterimus,
702 1973 707 1978 .
923 1971 928 1976 ι

241 1978 278 2008 Et
293 1977 423 2014 ulterius,
441 1974 477 2005 de
492 1974 615 2004 uberiori
625 1972 724 2003 Gratia
739 1970 850 2009 nostra,
866 1970 994 2001 dedimus
1008 1970 1041 2001 &
1055 1969 1266 2009 conceffimus,

202 2026 236 2047 ac
259 2026 308 2053 per
331 2014 481 2044 praesentes
503 2012 600 2042 damus
623 2013 655 2043 &
678 2010 866 2041 concedimus
881 2008 998 2046 praefato
1012 2008 1142 2038 Arthuro
1157 2011 1266 2047 Bange-

201 2055 271 2095 renfi
283 2052 406 2092 Episcopo
421 2052 521 2082 omnia
543 2052 576 2082 &
595 2050 698 2090 singula
715 2048 792 2080 Bona
813 2050 846 2080 ὃς
862 2048 986 2085 Catalla,
1005 2047 1130 2085 Debita,
1148 2047 1265 2086 Terras,

203 2094 383 2124 Teiiementa
397 2114 406 2129 ,
433 2090 635 2128 Episcopaturn
659 2088 850 2127 praedictum,
877 2086 1045 2117 Praebendas
1063 2109 1074 2124 ‚
1098 2085 1265 2125 Rectorias,

200 2131 228 2161 V
231 2132 324 2162 icarias
338 2154 347 2170 ,
373 2128 512 2159 Redditus
527 2152 536 2165 ,
562 2127 655 2158 Feoda
670 2149 680 2164 ,
705 2126 889 2163 Annuitates,
906 2124 1075 2161 pensiones,
1091 2124 1241 2156 Portiones
1253 2148 1262 2164 ,

201 2170 329 2208 Firmas,
347 2167 589 2199 Haereditamenta
612 2168 644 2197 ὃ(
665 2166 727 2196 alias
749 2164 947 2195 Promoriones
963 2162 1168 2193 Ecclesiasticas
1187 2164 1262 2202 suas,

199 2210 283 2240 nobis
299 2218 348 2246 per
365 2207 455 2245 ipsum
469 2206 618 2236 occasione
632 2204 838 2234 Convifitionis
856 2204 889 2233 &
906 2201 1182 2239 Condempnationis
1191 2212 1262 2240 prae-

200 2247 339 2277 dictarum
353 2245 511 2282 forisfaeta,
525 2243 682 2281 deperdita,
701 2241 851 2273 confiscata
864 2241 909 2271 vel
927 2239 1098 2277 adiudicata,
1159 2280 1161 2282 ι
1244 2270 1246 2275 k

239 2285 379 2316 Habenda
403 2286 436 2316 &
463 2282 582 2314 tenenda
609 2282 724 2319 praefato
750 2279 880 2310 Arthuro
898 2278 1061 2317 Bangorenfi
1080 2278 1206 2322 Epiftqpo
1224 2279 1261 2310 de

201 2323 295 2355 Dono
314 2323 411 2353 nostro
429 2322 532 2360 absque
552 2320 703 2359 Compoto
719 2319 766 2350 seu
784 2319 879 2357 aliquo
896 2318 950 2349 alio
967 2317 1085 2356 proinde
1104 2318 1188 2347 nobis
1201 2317 1264 2348 red-

202 2362 298 2394 dendo
316 2361 453 2393 solvendo
471 2360 516 2390 seu
533 2359 681 2395 faciendo,

241 2401 277 2432 Et
296 2402 381 2432 etiam
401 2400 500 2430 damus
519 2399 552 2428 ὃς
568 2398 756 2429 concedimus
774 2405 824 2434 per
844 2394 995 2425 Praesentes
1013 2394 1130 2438 praefato
1146 2394 1261 2432 Johan-

201 2443 231 2471 m'
250 2442 348 2469 Lewes
364 2461 373 2476 ,
398 2438 496 2468 omnia
513 2437 546 2466 &
565 2436 669 2467 simula
688 2434 766 2465 Bona
784 2435 817 2465 &
835 2433 941 2464 Catalla
959 2455 967 2469 ,
988 2433 1096 2463 Debita
1112 2455 1121 2470 ,
1141 2432 1243 2463 Terras
1254 2457 1263 2471 ,

200 2478 398 2513 Tenementa,
419 2462 738 2511 Reetoriasfiicarias,
754 2471 914 2508 Redditus,
933 2471 1061 2509 Feodos,
1081 2471 1264 2514 AnnuitateS,

201 2516 370 2552 Pensiones,
389 2515 557 2550 Portiones,
571 2512 677 2543 Firmas
691 2536 700 2548 ,
725 2509 982 2547 Haereditamenta,
1008 2511 1041 2541 &
1058 2509 1119 2540 alias
1138 2508 1266 2540 Promo-

203 2556 295 2586 tiones
312 2552 517 2584 Ecclesiasticas
537 2552 610 2589 suas,
636 2551 717 2581 nobis
736 2559 785 2587 per
805 2548 894 2587 ipsum
919 2548 1070 2579 occasione
1089 2545 1264 2578 Convictio-

203 2594 246 2624 nis
262 2594 295 2624 &
314 2591 592 2627 Condempnationis
616 2588 816 2628 praedidiarum
834 2586 973 2618 forisfasta
988 2610 997 2625 ‚
1016 2586 1175 2625 deperdita,
1192 2596 1265 2617 con-

204 2631 297 2663 fiscata
314 2631 359 2661 vel
377 2629 548 2667 adjudicata,

241 2668 381 2700 Habenda
403 2669 436 2699 &
461 2667 580 2698 tenenda
602 2665 720 2703 praefato
737 2664 864 2703 Jolnnm·
881 2666 981 2693 Lewes
997 2663 1034 2693 de
1053 2663 1147 2694 Dono
1163 2662 1263 2694 nostro

208 2708 312 2745 absque
334 2707 487 2746 Compoto
513 2706 557 2736 seu
580 2705 676 2743 aliquo
702 2704 756 2734 alio
782 2704 863 2734 nobis
887 2702 952 2732 inde
971 2702 1113 2732 reddendo
1130 2701 1266 2733 solvendo

207 2747 252 2778 vel
269 2747 414 2784 faciendo,
733 2781 739 2786 ·
903 2780 908 2785 Π
1181 2780 1185 2784 -

243 2785 279 2816 Et
298 2785 429 2822 ulterius,
451 2783 487 2814 de
508 2781 638 2821 ampliori
658 2779 756 2811 Gratia
770 2804 779 2816 ,
806 2779 974 2815 suscepimus
990 2780 1023 2810 &
1042 2787 1265 2817 acceptavimus,

204 2833 239 2854 ac
268 2833 316 2860 per
339 2823 490 2854 Praesentes
512 2821 673 2858 suscipimus
698 2819 730 2849 &
758 2826 937 2855 acceptamus
963 2816 1092 2856 praefatos
1109 2817 1266 2847 Arthurum

205 2861 402 2900 Bangorenfim
420 2859 573 2898 Epifiopum
589 2860 620 2889 &
640 2857 798 2896 Johannem
814 2859 918 2898 Lewes·
931 2856 964 2886 ὃς
980 2864 1267 2898 εοτυῐῑιμῑτυπιςυε,

207 2901 236 2929 in
263 2899 363 2928 salvam
387 2898 573 2928 Securitatem
599 2896 631 2926 &
656 2896 766 2932 pieriam
792 2893 1009 2924 Proteehonem
1034 2893 1203 2924 Tuitionem
1230 2896 1263 2925 δε

207 2937 413 2968 Defensionem
442 2934 549 2965 nostras
569 2942 736 2971 perpetuas,
764 2932 890 2962 volentes
917 2933 949 2964 &
969 2932 1157 2962 concedentes
1174 2934 1211 2962 eis
1230 2934 1263 2963 ὃς

207 2984 311 3007 eorum
334 2976 444 3012 utrique
457 2997 466 3011 ,
492 2982 540 3010 per
557 2971 707 3003 Praesentes
722 2994 731 3009 ,
757 2970 834 3009 qaod
860 2970 907 3009 ipii
927 2979 1038 3001 exnunc
1057 2972 1265 3008 imperpetuum

207 3015 324 3046 liberam
349 3014 458 3052 Legem
475 3011 553 3043 suam
575 3011 607 3041 &
626 3008 782 3041 Haeredum
806 3009 918 3039 suorum
943 3009 1062 3039 habeant
1078 3010 1264 3045 gaudeant&

207 3062 338 3090 utantur,
357 3052 390 3082 &
413 3061 514 3081 eorum
537 3058 654 3087 uterque
676 3059 723 3086 per
744 3048 771 3078 se
794 3047 893 3078 habeat
916 3047 1034 3084 gaudeat
1052 3048 1084 3078 &
1102 3057 1192 3078 utatur
1211 3071 1220 3085 ,
1238 3058 1267 3077 a-

206 3092 263 3123 deo
289 3092 369 3129 piene
395 3090 502 3129 integre
528 3088 561 3119 &
580 3088 676 3126 quiete
695 3088 763 3118 sicut
781 3087 876 3123 aliquis
891 3085 956 3115 alius
971 3085 1142 3116 dilectorum
1165 3086 1266 3116 Subdi-

206 3140 302 3162 torum
329 3127 490 3159 nostrorum
517 3126 741 3164 praedictorum·
767 3125 867 3162 quovis
884 3123 997 3162 Judicio
1018 3123 1265 3162 Condempnatio-

206 3178 243 3203 ne
274 3178 319 3198 aut
346 3166 540 3198 Convictione
565 3166 592 3194 in
617 3164 692 3194 dista
719 3149 806 3194 (⁷2uria
826 3162 942 3200 nostra,
967 3164 1047 3193 nobis
1071 3163 1106 3193 de
1128 3164 1161 3193 &
1184 3163 1264 3201 super

206 3205 351 3245 praemiffis
368 3205 448 3236 editis
461 3226 472 3243 ,
495 3203 654 3241 adjudicatis
667 3225 676 3239 ‚
699 3202 873 3232 denunciatis
889 3224 899 3239 ,
924 3201 1004 3231 faffis
1024 3202 1078 3233 sive
1094 3202 1263 3240 recordatis,

205 3256 250 3277 aut
277 3246 371 3284 aliquo
396 3245 450 3274 alio
478 3242 556 3273 Astu
584 3241 639 3271 sive
662 3239 851 3270 Ordinatione
871 3240 899 3268 iri
917 3242 1090 3270 contrarium
1111 3239 1190 3271 fastis
1208 3240 1263 3270 iive

206 3284 226 3304 ³*
246 3284 323 3315 editis
335 3306 346 3321 ,
362 3291 408 3313 aut
421 3280 513 3319 aliqua
530 3278 581 3311 alia
596 3278 642 3309 Re
660 3278 753 3309 Causa
775 3279 818 3307 vel
837 3277 957 3307 Materia
978 3288 1157 3316 quacumque
1174 3279 1203 3308 in
1216 3279 1264 3308 ali-

206 3332 264 3361 quo
281 3332 339 3352 non
358 3319 556 3356 obstantibus,
572 3318 605 3348 &
622 3317 732 3347 firmam
750 3316 855 3346 Pacem
873 3315 999 3347 nostram
1013 3317 1116 3347 eisdem
1136 3317 1263 3347 Arthuro

208 3359 373 3400 Bangorenfi
388 3357 514 3397 Epzfiopo
534 3359 567 3388 &
587 3355 715 3395 Johanni
735 3357 833 3385 Lewes
848 3356 881 3386 δε
895 3364 994 3385 eorum
1006 3356 1118 3393 utrique
1135 3357 1199 3385 inde
1215 3355 1265 3384 da-

207 3408 269 3428 mus
286 3401 317 3428 ὅτ
334 3399 520 3428 concedimus
541 3405 589 3432 per
611 3394 780 3431 Praesentes;
799 3395 835 3423 ita
850 3402 943 3424 tamen
961 3395 1038 3432 quod
1057 3394 1146 3432 stent,
1164 3395 1198 3424 δε
1214 3404 1265 3423 eo-

207 3447 270 3467 rum
297 3445 412 3474 uterque
434 3435 485 3465 stet
498 3459 506 3471 ,
534 3433 632 3463 Recto
655 3433 683 3462 in
707 3431 792 3463 Curia
814 3431 908 3462 nostra
930 3431 951 3462 si
964 3434 1025 3470 quis
1038 3432 1130 3463 versus
1145 3442 1193 3462 eos
1209 3432 1263 3463 sive

209 3484 311 3505 eorum
329 3474 447 3504 alterurn
463 3472 529 3503 inde
542 3472 621 3510 loqui
641 3471 782 3508 voluerit,

244 3512 365 3542 Proviso
381 3513 488 3549 semper
501 3510 580 3548 quod
599 3510 700 3539 Literae
715 3508 818 3539 nostrre
827 3508 957 3539 Patentes
971 3509 1113 3545 praedi&ae
1128 3509 1156 3538 in
1170 3508 1264 3546 aliquo

208 3562 268 3581 non
290 3550 439 3580 extendant
461 3550 494 3580 ad
510 3547 723 3579 exonerandum
731 3545 879 3586 praefatum
894 3546 1052 3576 Arthurum
1067 3547 1264 3586 Bangorensem

206 3590 360 3628 Epifispum
379 3590 411 3619 &
430 3587 587 3626 Johannem
603 3589 703 3617 Lewer
717 3610 726 3623 ,
750 3585 795 3616 seu
815 3595 916 3616 eorum
933 3586 1049 3615 alterurn
1069 3586 1200 3616 Haeredes
1220 3586 1264 3615 vel

204 3627 377 3657 Etecutores
397 3627 459 3655 suos
496 3636 527 3655 ro
543 3627 680 3664 aliquibus
693 3625 750 3655 aliis
763 3623 1058 3661 Transgreffionibus,
1079 3623 1263 3661 Contempti-

202 3666 254 3695 bus
270 3688 279 3702 ,
307 3665 439 3701 Debitis,
492 3665 558 3694 ausis
574 3687 583 3701 ,
607 3663 732 3694 Offenlis
755 3662 800 3692 seu
824 3661 920 3692 Rebus
935 3686 944 3699 ,
968 3663 1016 3691 nili
1041 3662 1193 3692 solomodo
1207 3672 1259 3701 pro

205 3703 477 3742 Transgreffionibus
492 3725 501 3739 ‚
526 3703 751 3739 Contemptibus
766 3724 776 3739 ,
805 3699 902 3730 Cauiis
917 3702 949 3732 &
966 3699 1092 3730 Offeniis
1107 3701 1198 3731 versus
1211 3710 1261 3730 eos

209 3742 241 3770 ὅ(
259 3751 358 3770 eorum
381 3749 531 3777 utrumque
554 3743 582 3769 in
605 3740 828 3776 lnformatione,
845 3737 1047 3769 Convictione
1061 3741 1093 3770 δε
1111 3738 1263 3770 Condem-

211 3781 343 3822 pnatione
366 3778 504 3816 praedicns
526 3778 685 3817 specificatis
698 3800 708 3817 ,
728 3779 760 3810 ὃ(
776 3786 824 3816 per
839 3787 890 3807 nos
905 3778 935 3809 in
949 3777 1043 3811 forma
1054 3777 1187 3816 praedicsta
1201 3786 1263 3815 par—

213 3823 332 3845 OODZUS'

247 3851 294 3881 Eo
307 3840 381 3896 qiiod
397 3854 518 3892 expressa
534 3856 657 3892 mentio,
675 3856 736 3886 δίε.

252 3889 285 3919 ln
300 3899 377 3927 cujus
392 3895 447 3928 rei,
463 3894 522 3923 ἃς,

249 3927 338 3958 Teste
350 3930 485 3970 Katerina
502 3929 612 3967 Angliae
627 3933 728 3966 Regina
749 3941 781 3962 ac
793 3930 921 3962 Generali
934 3932 1052 3961 ReHrice
1064 3930 1180 3970 ejusaem
1193 3932 1270 3972 apud

211 3965 319 4005 uelim.
336 3969 469 3999 vicesimo
481 3970 574 4006 primo
587 3969 631 4001 die
642 3968 720 4006 Julii.

888 4010 940 4042 Per
959 4007 1042 4046 igst'cm
1054 4009 1160 4044 Regem.

644 95 1457 145 CONVENTIONES,
1514 95 1899 146 LITERAE,

2380 188 2457 220 Anii.
2469 189 2526 222 1).,

2352 231 2361 237 ⁵
2400 236 2488 268 1544.

1516 271 1566 304 De
1585 268 1757 315 Conceffione
1765 282 1822 319 pro
1841 273 1960 318 Regina
1975 272 2152 319 Hungariae.

2381 274 2395 302 3
2399 268 2512 302 5Henss,
2526 277 2534 286 “

1303 354 1456 416 HEnry
1472 354 1600 394 th’Eight
1615 379 1626 395 ,
1651 355 1712 392 &a
1736 365 1769 388 to
1785 356 1821 386 all
1834 355 1981 394 Majours,
1998 355 2127 396 Shiriffs,
2142 356 2263 397 Baiiiffs,
2280 357 2363 390 Con-
2375 353 2511 390 Franc 36.

1393 394 1715 430 stables,Comstomers
1765 394 1955 425 Comtrollers
1969 416 1979 431 ‚
2000 394 2131 426 Serchers
2149 398 2187 428 of
2202 408 2271 429 oure
2282 397 2366 429 Ports

2380 391 2512 428 H.8.p.1.

1305 430 1396 462 Creks
1417 433 1472 462 and
1487 432 1615 470 Paffages
1628 456 1638 470 ‚
1660 434 1716 464 and
1731 418 1775 464 ’all
1794 433 1876 464 other
1889 443 1959 464 oure
1975 431 2116 472 Officers,
2135 434 2288 476 Mynisters
2307 437 2364 469 and
2376 439 2415 459 m·
2433 438 2464 468 42

1304 470 1434 507 Subjeeis
1449 470 1518 501 thies
1531 480 1600 501 oure
1615 471 1724 502 Letters
1736 473 1860 511 herynge
1874 482 1907 502 or
1923 471 2031 510 seiuge,
2049 470 2189 512 Gretyng.

1342 507 1373 538 K
1382 517 1405 539 N
1415 519 1436 540 0
1447 517 1501 540 wE
1528 518 1548 540 Y
1558 517 1577 539 E
1604 509 1662 539 that
1676 532 1686 546 ,
1706 517 1735 539 at
1759 510 1807 540 the
1820 510 2059 548 Contemplation
2072 510 2110 540 of
2120 511 2169 541 the
2182 514 2255 553 right
2270 514 2364 546 excel-

1304 545 1362 577 lent
1377 547 1520 578 Princeise
1538 556 1608 577 oure
1628 546 1721 577 derest
1742 547 1837 578 Suster
1850 549 1898 578 the
1913 549 2011 587 ,Quem
2027 546 2187 587 quungar
2217 575 2226 590 ,
2245 552 2364 591 Regem

1305 593 1337 628 to
1351 595 1422 616 oure
1435 586 1528 617 moste
1545 585 1637 616 detest
1653 585 1771 616 Brother
1793 587 1847 616 and
1861 587 2013 624 perpetuell
2027 587 2107 626 Allye
2121 559 2319 628 th'EJmpereur
2333 594 2365 624 in

1305 624 1347 653 his
1367 624 1442 655 lowe
1464 624 1603 656 Contrees
1617 648 1627 662 ,
1654 633 1699 654 we
1720 624 1794 654 have
1815 625 1950 662 granted,
1968 625 2023 655 and
2039 627 2077 664 by
2093 625 2164 656 thies
2179 626 2305 660 Presents
2320 632 2360 661 do

1305 661 1436 693 Graunte
1475 672 1507 694 to
1536 673 1605 693 oure
1636 661 1814 701 welbelovyd
1846 662 1960 692 Gilliam
1988 664 2021 693 de
2051 663 2202 703 Poncaslell
2213 688 2222 704 ,
2247 668 2367 699 Cornelii-

1303 699 1396 745 Ployer
1413 725 1423 740 ,
1447 703 1541 741 Henry
1560 699 1706 738 Baldkyn,
1723 699 1821 730 Glodoe
1835 699 2017 740 Courtevi‘lle,
2039 703 2093 734 and
2111 707 2226 733 Marten
2250 705 2282 734 de
2302 709 2367 736 γης-

1295 738 1328 778 fi’
1345 762 1353 776 ,
1380 749 1409 769 in
1432 740 1479 770 tlte
1501 749 1584 771 name
1605 740 1642 769 of
1661 740 1712 770 the
1734 738 1842 769 Bailiffe
1857 763 1866 778 ,
1892 736 2009 771 Sherifss
2020 743 2075 772 and
2093 741 2217 774 Officers
2231 743 2268 773 of
2281 744 2367 775 Dun-

1304 778 1384 807 kirke
1399 800 1409 816 ,
1435 779 1493 810 that
1519 778 1585 817 they
1608 779 1645 816 by
1673 778 1720 808 the
1741 777 1843 808 mselffs
1869 777 2003 809 Faetours
2024 790 2057 810 or
2079 780 2253 820 Attorneys,
2277 783 2368 813 Deni-

1302 824 1371 846 zens
1395 827 1442 861 or.
1453 819 1619 861 straungers
1633 839 1643 854 ,
1661 817 1717 847 ssial
1743 826 1829 847 move
1845 818 1962 854 provide
1976 818 2030 848 and
2047 819 2120 858 buye
2133 821 2160 850 in
2176 830 2229 860 any
2244 822 2321 859 place
2334 832 2368 853 or

1303 855 1395 892 places
1405 857 1505 887 Within
1519 856 1575 887 this
1590 865 1659 886 oure
1674 855 1810 892 Realme‚
1828 865 1855 885 at
1872 865 1928 894 on,
1949 866 1981 886 or
1998 857 2097 888 several
2113 867 2202 898 tymes
2216 859 2264 890 the
2282 871 2366 890 nom-

1304 894 1354 924 bre
1378 894 1433 925 and
1456 896 1591 932 quantitie
1612 894 1648 924 of
1663 893 1732 925 Five
1754 893 1913 924 hundrethe
1933 894 2071 926 thousand
2094 895 2206 928 Belletts
2221 921 2230 935 ,
2247 900 2301 930 and
2316 899 2367 931 the

1304 933 1378 963 same
1402 933 1433 963 so
1457 933 1569 972 bought
1590 932 1643 962 and
1663 931 1805 963 Provided
1828 941 1859 962 to
1874 942 1986 973 convey
2001 933 2056 963 and
2072 943 2132 964 carr
2166 938 2251 968 awaie
2264 938 2292 967 in
2309 948 2363 978 any

1303 972 1433 1011 Shippe,
1450 971 1556 1010 Crare,
1575 971 1680 1010 Hoye,
1700 981 1733 1001 or
1751 971 1834 1014 other
1860 970 1953 1014 Veffel
1981 971 2018 1001 of
2032 944 2196 1011 Fiaundssrs,
2214 985 2246 1005 or
2261 977 2299 1007 of
2307 986 2364 1016 any

1304 1011 1388 1041 othei·
1408 1010 1538 1041 outward
1563 1019 1640 1047 parte
1662 1010 1725 1039 bein
1746 1020 1762 1040 e
1780 1009 1851 1040 with
1874 1020 1904 1040 us
1929 1019 1956 1039 in
1979 1009 2070 1048 Peage
2091 1011 2145 1041 and
2165 1011 2281 1051 Amytie
2294 1037 2305 1051 ,
2330 1024 2364 1047 to

1304 1048 1456 1080 Dunkirke
1470 1049 1584 1080 aforsaid
1599 1056 1624 1079 at
1639 1048 1709 1079 their
1752 1048 1870 1084 leasure,
1888 1057 1940 1086 any
1957 1047 2047 1086 Acte,
2065 1047 2124 1083 (ἔνι.

1340 1087 1486 1118 Provided
1516 1087 1625 1118 alwaies
1647 1087 1705 1117 that
1727 1086 1763 1118 of
1779 1097 1832 1116 our
1856 1085 2022 1117 Customers
2044 1085 2184 1118 Subfidies
2206 1088 2261 1119 and
2283 1091 2365 1122 other

1304 1125 1423 1157 Deuties
1437 1126 1493 1156 due
1508 1136 1580 1156 unto
1595 1136 1624 1155 us
1639 1127 1667 1154 in
1680 1125 1738 1156 that
1754 1124 1876 1156 behalffe
1891 1136 1937 1156 we
1952 1126 1989 1155 be
2004 1125 2084 1164 duely
2099 1125 2251 1157 aunswerid
2266 1138 2294 1158 as
2307 1139 2373 1162 rea-⁴

1302 1164 1353 1195 sori
1371 1167 1410 1203 is,
1429 1164 1485 1195 and
1500 1165 1559 1195 that
1573 1163 1655 1207 suche
1672 1173 1750 1209 parte
1764 1164 1801 1194 of
1812 1164 1861 1194 the
1875 1164 1948 1194 same
1962 1174 1989 1208 as
2011 1162 2068 1194 ihal
2083 1164 2120 1195 be
2136 1164 2214 1195 laden
2231 1165 2309 1196 from
2323 1176 2368 1206 ty-

1303 1204 1543 1279 {tis‘fflffisl’f
1557 1202 2370 1286 &2¹31&3¹fgi‘35‘t‘3c2‘ssi‘25205321‘’ttssstibfissssfltssi

1304 1281 1343 1311 of
1358 1281 1407 1311 the
1428 1281 1503 1310 same
1517 1303 1527 1319 ,
1551 1280 1587 1310 be
1608 1279 1759 1310 furthwith
1781 1280 1846 1310 leste
1867 1280 1921 1310 and
1943 1280 2083 1310 delivered
2100 1288 2131 1311 to
2148 1280 2196 1310 the
2211 1280 2367 1313 Custumer

1303 1319 1358 1349 and
1380 1319 1494 1349 Officer
1514 1319 1596 1349 wher
1618 1318 1668 1348 the
1689 1317 1739 1348 last
1763 1327 1840 1355 parte
1861 1319 1959 1349 therof
1970 1317 2086 1349 ihallbe
2104 1318 2219 1357 ihipped
2235 1320 2280 1350 sor
2295 1320 2367 1351 their

1303 1358 1494 1396 Indernpnitie
1513 1355 1629 1396 agaynst
1651 1365 1682 1386 us
1705 1358 1735 1387 in
1759 1357 1812 1388 this
1837 1357 1946 1388 behalfe
1962 1380 1972 1396 ,
1998 1357 2067 1392 that,
2081 1357 2205 1396 expreffe
2219 1359 2369 1396 mention,

1302 1396 1363 1433 &on

1341 1478 1458 1511 NVitnes
1474 1476 1555 1508 Oure
1570 1476 1645 1509 Selfe
1657 1485 1685 1509 at
1697 1475 1819 1515 Terlinge
1836 1475 1883 1508 the
1898 1475 1973 1508 firste
1986 1476 2048 1507 daie
2060 1476 2097 1508 of
2106 1477 2244 1516 Auguste.

1815 1556 1868 1584 Per
1881 1555 1974 1586 Breve
1987 1554 2020 1584 de
2034 1556 2152 1584 Privato
2164 1553 2264 1592 Sigillo.

1305 1684 1399 1727 Super
1424 1680 1566 1713 Articnlo
1593 1678 1853 1726 Comprehenstonis
1878 1682 1909 1712 in
1938 1678 2088 1712 Trafiatu
2118 1681 2311 1724 Imperatoris
2329 1684 2367 1718 ὁ*

1728 1731 1815 1775 Regis
1833 1729 1948 1760 Daniae.

1387 1815 1512 1846 Enricus'
1522 1817 1647 1846 oaavus
1658 1839 1668 1852 ,
1695 1815 1753 1845 Dei
1773 1815 1875 1846 Gratia
1884 1837 1894 1852 ,
1911 1817 2034 1844 Franciae
2048 1815 2161 1852 Angliae
2175 1815 2212 1852 ὁ·
2230 1816 2369 1847 Hibernia,

1398 1857 1458 1883 Rex
1473 1854 1550 1883 Fidei
1562 1853 1713 1893 Defi’nsbr,
1731 1864 1763 1884 ac
1783 1854 1810 1882 in
1826 1853 1917 1884 Terra
1935 1852 2057 1891 Ecclefiae
2073 1853 2236 1891 Anglicanae
2255 1853 2293 1889 ὁ·
2315 1857 2369 1884 Hi-

1306 1893 1419 1922 bernicae
1432 1895 1582 1931 Supremam
1595 1896 1700 1932 Caput,
1718 1893 1855 1923 omnibus
1870 1892 1905 1922 ad
1921 1901 1991 1930 quos
2012 1891 2160 1929 praesentes
2180 1893 2286 1924 Literae
2307 1903 2370 1932 per-

1307 1932 1454 1969 venerint,
1470 1931 1604 1961 Salutem.

1346 1969 1427 2000 Cum
1450 1969 1643 2000 Sereniffimus
1664 1970 1697 2001 ὃς
1719 1968 1933 2000 Potentiffimus
1955 1968 2092 2006 Princeps
2114 1968 2223 1999 Carolus
2236 1972 2371 2000 Romano-

1308 2018 1368 2038 rum
1383 2011 1551 2047 Imperator,
1569 2007 1630 2044 &c.
1648 2008 1757 2046 Frater,
1775 2008 1897 2038 Amicus
1910 2030 1921 2046 ,
1944 2006 2167 2038 Confoederatus
2188 2009 2221 2039 &
2241 2008 2372 2039 Consan-

1328 2048 1425 2077 uineus
1451 2047 1547 2078 noster
1567 2047 1741 2078 charissimus
1756 2071 1767 2084 ,
1793 2048 1821 2077 in
1836 2045 1974 2076 Tractatu
1991 2045 2071 2076 Pacis
2089 2047 2122 2077 &
2139 2046 2286 2077 Amicitiae
2301 2056 2373 2078 cum

1321 2084 1491 2115 llustrisfimo
1509 2085 1640 2124 Principe
1658 2085 1794 2116 Domino
1806 2084 1968 2124 christierno
1982 2083 2078 2114 Εἶρέῖσ
2093 2087 2161 2122 Rege
2177 2087 2296 2123 Daniae,
2312 2086 2374 2121 &aa

1305 2125 1379 2155 inito
1396 2125 1428 2155 &
1446 2125 1597 2155 contracto
1608 2147 1618 2162 ‚
1634 2124 1670 2156 de
1685 2124 1746 2155 data
1757 2123 1895 2155 vicesimo
1916 2124 2000 2154 tertio
2019 2123 2066 2154 die
2088 2122 2161 2154 Maii
2175 2146 2184 2160 ,
2205 2127 2292 2154 Anno
2308 2124 2373 2155 Do-

1306 2164 1376 2192 mini
1392 2163 1541 2193 millesimo
1559 2163 1788 2201 quingentesimo
1806 2163 2015 2200 quadragesimo
2033 2169 2151 2200 quarto,
2170 2172 2222 2200 pro
2239 2164 2321 2193 nobis
2337 2164 2371 2194 &

1305 2203 1333 2231 in
1351 2211 1410 2231 rem
1430 2201 1557 2231 nostram
1575 2201 1762 2241 Regnorum,
1782 2201 1936 2232 Terrarum
1952 2211 1985 2231 ac
2004 2200 2190 2231 Subditornm
2207 2201 2371 2232 nostrorum

1306 2239 1325 2259 ²¹²
1348 2240 1511 2271 Articulum
1530 2241 1672 2278 quendam
1686 2242 1756 2271 inter
1771 2249 1874 2271 caetera
1887 2239 1972 2270 Pacta
1982 2239 2061 2270 inseri
2076 2239 2109 2270 &
2122 2241 2270 2270 conveniri
2289 2251 2372 2272 cura-

1305 2279 1346 2309 vit
1361 2278 1397 2308 ad
1413 2288 1474 2309 eam
1490 2280 1612 2308 formam
1631 2289 1695 2316 quae
1710 2279 1840 2316 sequitur.

1343 2315 1434 2347 ITEM
1444 2341 1453 2355 ,
1472 2319 1533 2346 Rex
1548 2316 1662 2355 Angliae
1676 2318 1704 2346 in
1721 2317 1774 2347 hac
1795 2324 1873 2354 parte
1895 2326 1963 2346 cum
1979 2316 2031 2347 suis
2045 2315 2144 2347 Terris
2159 2317 2192 2348 &
2208 2316 2322 2355 Populis
2335 2327 2369 2349 ac

1306 2354 1428 2385 Subditis
1453 2357 1538 2386 etiam
1562 2355 1818 2394 comprehendetur
1834 2377 1843 2392 ,
1867 2356 1905 2385 ita
1926 2355 2004 2393 quod
2024 2355 2134 2385 Subditi
2147 2355 2291 2393 utriusque
2310 2366 2373 2393 par-

1309 2394 1356 2429 tis,
1379 2395 1419 2424 uti
1440 2395 1475 2423 ab
1498 2395 1616 2432 antiquo
1639 2402 1783 2432 receptum
1805 2393 1864 2431 est,
1884 2395 1954 2423 inter
1968 2393 1994 2423 se
2010 2394 2194 2429 negotiari&
2210 2394 2375 2425 conversari-

1307 2430 1428 2469 poffinr,
1447 2433 1480 2462 &
1504 2432 1574 2462 cum
1598 2432 1759 2461 intereii'erit
1773 2431 1805 2461 &
1824 2431 1855 2460 sit
1868 2430 2022 2461 firmissima
2041 2431 2099 2462 Pax
2122 2430 2273 2461 arc'tiffima
2288 2433 2373 2462 Ami-

1307 2471 1370 2500 citia
1384 2479 1416 2499 ac
1435 2470 1540 2500 Foedus
1555 2471 1626 2499 inter
1641 2470 1719 2499 suam
1732 2467 1913 2506 Majestatetn
1928 2470 1961 2501 &
1974 2469 2187 2500 Sereniffimum
2195 2472 2290 2507 Regem
2300 2475 2368 2500 An-

1305 2507 1366 2545 gliae
1379 2518 1537 2545 eorumque
1550 2507 1653 2544 Regna
1671 2507 1774 2537 Patrias
1790 2507 1980 2545 &Ditiones,
1999 2509 2035 2537 ita
2052 2516 2081 2538 ut
2098 2517 2169 2538 unus
2185 2509 2261 2539 alteri
2276 2518 2370 2540 tenea-

1307 2555 1351 2577 tur
1365 2556 1463 2577 contra
1480 2556 1580 2577 omnes
1593 2546 1716 2576 e'usdem
1735 2545 1842 2575 Hostes
1857 2546 1890 2577 &
1912 2545 2050 2576 inimicos
2066 2547 2210 2576 Auxilium
2227 2549 2371 2586 praebere,

1308 2585 1340 2615 &
1356 2594 1415 2614 nori
1434 2585 1524 2615 solum
1541 2594 1590 2622 per
1637 2594 1746 2622 egnum
1772 2584 1879 2614 Scotiae
1899 2594 1999 2616 contra
2022 2585 2111 2622 ipsum
2134 2587 2230 2622 Regem
2257 2586 2373 2623 Angliae

1311 2630 1429 2653 motum
1451 2624 1482 2654 sit
1505 2622 1615 2654 Beuum
1629 2646 1640 2662 ‚
1663 2623 1767 2654 verum
1781 2624 1867 2654 etiarn
1884 2624 1933 2661 ipsi
1949 2623 2029 2653 Scoti
2043 2622 2180 2654 hostiliter
2196 2623 2222 2654 se
2237 2625 2371 2660 gesserint

1308 2664 1341 2693 ὃς
1353 2671 1453 2701 gerunt
1468 2671 1569 2692 contra
1585 2662 1729 2700 przdkstas
1744 2661 1878 2692 Ditiones
1895 2663 1928 2693 &
1948 2660 2052 2691 Terras
2076 2661 2260 2693 haereditarias
2282 2662 2372 2703 Caefiz-

1308 2711 1359 2730 reae
1373 2699 1531 2738 Majestatis
1543 2701 1682 2730 inferioris
1697 2700 1865 2730 Germaniae
1880 2712 1892 2738 ·,
1917 2700 2039 2738 ideoque
2056 2701 2158 2731 merito
2173 2701 2284 2731 illarum
2302 2702 2372 2732 suae—

1308 2749 1364 2777 que
1380 2737 1533 2777 Majestatis
1546 2738 1653 2769 Hostes
1668 2739 1719 2769 sint
1733 2740 1766 2770 &
1783 2739 1878 2769 haberi
1894 2739 2030 2776 debeant,
2049 2748 2226 2770 conventum
2246 2739 2280 2769 &
2296 2749 2370 2770 con-

1309 2778 1460 2808 cordatum
1475 2777 1517 2808 est
1530 2779 1606 2815 quod
1622 2777 1771 2815 praediCtus
1789 2777 1898 2807 Elec‘lus
1919 2780 1979 2806 Rex
2002 2780 2103 2806 Dani'ae
2124 2777 2233 2808 nullum
2260 2778 2371 2816 prorsus

1308 2826 1354 2854 per
1377 2817 1403 2846 se
1425 2816 1470 2846 vel
1495 2826 1542 2854 per
1561 2817 1622 2847 suos
1644 2825 1678 2846 ex
1692 2816 1743 2846 suis
1761 2815 1868 2855 Regnis
1883 2817 1915 2848 &
1930 2815 2028 2846 Terris
2044 2815 2151 2845 directe
2170 2815 2217 2845 vel
2230 2815 2367 2846 indirecte

1307 2855 1396 2885 ferent
1411 2854 1557 2884 Auxilium
1572 2855 1697 2885 ullumve
1711 2854 1822 2894 prorsus
1834 2854 1993 2885 Coniilium
2009 2853 2185 2883 Favoremve
2208 2852 2284 2884 dabit
2296 2864 2372 2892 prae-

1307 2894 1387 2923 dictis
1401 2892 1492 2923 Scotis
1507 2895 1535 2922 in
1550 2893 1743 2932 praejudicium
1760 2893 1868 2923 suarum
1886 2891 2070 2931 Majestatum
2086 2890 2238 2928 Imperialis
2260 2893 2293 2924 &
2309 2891 2370 2924 Re-

1305 2932 1390 2971 galis,
1408 2931 1559 2963 suorumve
1577 2931 1750 2968 Regnorum
1766 2931 1924 2962 Ditionum
1942 2930 2142 2961 &Patriarum
2158 2930 2368 2970 quovismod03

1305 2979 1426 3007 excepto
1443 2970 1521 3008 quod
1541 2980 1602 3001 non
1618 2971 1789 3001 tenebuntur
1803 2970 1896 3000 Scotis
1912 2968 2138 3006 Navigationem
2153 2969 2187 2999 &
2201 2967 2365 3000 Conversa-

1305 3011 1415 3039 tionem
1431 3009 1504 3046 apud
1528 3008 1553 3039 se
1578 3010 1767 3043 interdicere,
1793 3008 1895 3038 verum
1917 3015 2051 3042 poterunt
2082 3016 2146 3037 eam
2180 3008 2365 3048 permittere;

1305 3047 1468 3078 dummodo
1489 3057 1583 3078 tamen
1607 3057 1674 3078 cum
1698 3045 1826 3085 Caesbreae
1856 3044 2014 3085 Majestatis
2038 3044 2267 3084 Serenisfimique
2288 3049 2367 3085 Regis

1304 3085 1417 3123 Angliae
1437 3085 1561 3116 Subditis
1582 3086 1689 3116 ibidem
1712 3084 1828 3122 pacifice
1843 3083 1869 3114 se
1883 3093 1998 3122 gerant,
2013 3084 2152 3122 omnique
2168 3083 2315 3116 Violentia
2330 3096 2364 3117 ac

1307 3124 1359 3154 Via
1381 3124 1456 3154 Fasti
1475 3124 1628 3154 abstineant
1643 3135 1653 3160 ς
1677 3123 1816 3153 tenebitur
1837 3131 1932 3152 tamen
1949 3124 2009 3152 Rex
2026 3122 2139 3160 Angliae
2155 3123 2227 3153 intra
2242 3132 2364 3162 quatuor

1306 3162 1420 3193 Menses
1439 3163 1563 3193 debitam
1578 3161 1804 3193 Ratificationem
1819 3162 1885 3198 Regi
1899 3160 1994 3190 Elec‘lo
2011 3163 2113 3190 Daniae
2128 3162 2329 3193 transmittere:

1341 3201 1409 3231 Nos
1431 3201 1582 3238 probantes
1603 3201 1636 3231 ὃς
1658 3209 1747 3232 ratum
1769 3199 1901 3230 habentes
1922 3199 2001 3237 quod
2015 3200 2044 3229 in
2061 3199 2219 3237 hujusmodi
2232 3200 2364 3232 Articulo

1304 3241 1465 3270 continetur
1481 3262 1490 3277 ,
1516 3239 1549 3270 ὃς
1570 3239 1714 3276 cupientes
1737 3237 1859 3269 Pastum
1879 3237 1994 3275 desuper
2016 3238 2184 3268 confectum
2200 3237 2315 3270 firmum
2328 3240 2364 3270 &

1306 3278 1430 3308 validum
1445 3278 1595 3307 consistere
1610 3278 1642 3308 &
1657 3276 1819 3316 perdurare,
1840 3286 1897 3307 tarn
1914 3275 2054 3313 praedieto
2073 3276 2256 3308 illustriffimo
2280 3277 2364 3308 Prin-

1305 3317 1360 3352 cipi
1384 3316 1545 3354 Chrissierno
1568 3326 1652 3354 quarn
1676 3317 1783 3346 caeteris
1808 3324 1930 3353 quorum
1954 3314 2067 3344 interest
2081 3315 2132 3344 hiis
2146 3314 2245 3346 nostris
2260 3315 2365 3346 Literis

1306 3354 1468 3386 Patentibus
1494 3354 1627 3384 testamur
1657 3355 1689 3385 &
1725 3352 1893 3391 profitemur
1923 3362 1977 3383 nos
2010 3353 2178 3390 praedictum
2202 3353 2362 3384 Articulum

1306 3392 1578 3430 Comprehenfionis
1591 3415 1600 3430 ‚
1626 3393 1659 3423 &
1683 3393 1782 3422 omnia
1803 3401 1867 3431 quae
1892 3401 1945 3429 pro
1966 3392 2048 3422 nobis
2068 3393 2097 3421 iri
2119 3391 2199 3422 dieto
2225 3391 2362 3421 Traetaru

1305 3430 1384 3461 Pacis
1406 3432 1589 3461 continentur
1605 3454 1615 3468 ,
1639 3438 1735 3460 ratum·
1752 3431 1785 3461 &
1806 3439 1915 3469 gratum
1938 3430 2064 3468 habere,
2090 3431 2124 3461 &
2137 3430 2170 3459 ad
2185 3429 2362 3466 implendum

1305 3468 1511 3499 Conditionem
1527 3468 1630 3499 debitae
1647 3468 1853 3499 Ratificationis
1868 3469 1897 3498 in
1915 3468 1994 3499 dicto
2017 3468 2145 3499 Articulo
2159 3466 2310 3504 expressam
2327 3468 2362 3498 &

1305 3517 1338 3536 ex
1355 3516 1429 3544 parte
1443 3507 1537 3537 nostra
1553 3507 1753 3544 praestandam,
1771 3507 1819 3537 has
1835 3507 1940 3537 Literas
1952 3507 2074 3544 nostras,
2085 3504 2177 3536 Manu
2195 3503 2288 3535 nostra
2303 3506 2361 3542 sig-

1304 3556 1378 3575 natas
1401 3547 1433 3576 &
1455 3545 1569 3581 Magno
1591 3546 1691 3576 nostro
1713 3546 1809 3584 Sigillo
1832 3546 1973 3584 sigillatas,
1992 3544 2198 3576 transmittimus
2215 3543 2354 3580 praedieto

1306 3582 1489 3614 Illustriffimo
1508 3584 1635 3623 Principi
1649 3583 1811 3623 christierno
1827 3584 2002 3615 exhibendas.

1346 3659 1413 3690 Dat.
1422 3661 1449 3690 in
1466 3660 1566 3700 Castris
1584 3660 1678 3700 nostris
1696 3660 1738 3691 ad
1745 3658 1890 3692 Boloniam
1903 3659 2038 3692 vicesimo
2045 3657 2103 3688 Die
2115 3654 2223 3687 Mensis
2230 3656 2358 3699 Augusti,

1306 3698 1393 3728 Anno
1423 3699 1546 3729 Domini
1576 3699 1733 3729 Milleiimo
1754 3700 1982 3738 quingentesimo
2008 3695 2218 3735 quadragesimo
2242 3706 2360 3736 quarto,

1306 3738 1340 3768 &
1355 3737 1450 3778 Regni
1465 3737 1553 3770 nostri
1565 3739 1706 3773 tricesimo
1719 3738 1806 3782 sexto,

1993 3811 2046 3842 Per
2056 3808 2138 3850 iffitra
2156 3812 2258 3850 Regem.

2386 1824 2464 1856 Ann.
2474 1824 2519 1860 D}

2415 1872 2503 1902 1544-

2385 1902 2451 1929 ibid.

2386 1949 2422 1969 m.
2440 1940 2471 1975 62

2389 2251 2409 2271 *Β
2434 2251 2503 2287 XV,

2407 2301 2434 2319 0.
