2542 4274
117 988 138 1009 Β
161 990 228 1017 XV.

155 1027 221 1062 786.

185 4005 249 4033 77-

860 91 969 131 ET
1053 89 1316 131 ACTA

102 181 178 213 Ann.
193 177 234 208 D.
256 176 343 208 Patris
358 177 484 209 Domini
496 176 630 208 Eborum
646 175 861 216 Archiepiscopi
881 177 1001 209 Vicario
1016 177 1046 206 in
1055 174 1251 216 Spiritualibus
1259 173 1322 205 Ge-

106 219 238 286 affl-:gliz-

141 301 201 332 Reg.

258 217 342 247 nerali

295 240 423 293 Joh'anni
437 252 540 291 Gibsbn
554 253 668 289 Legum
683 254 765 283 etiam
783 252 926 292 Decimi,

296 291 437 333 Cristofero
454 291 647 330 Waynsworth
663 292 834 330 Armigero,

297 332 413 363 Roberto
425 330 552 369 Ransc‘t'en
570 330 701 360 Eborum
718 330 932 359 Archidiacono
942 352 951 367 ,

298 370 415 439 §olberto
430 372 526 399 Toures
541 369 633 399 Sacrae
648 367 821 406 Theologiae,
836 367 995 398 Baccalario
1003 388 1013 405 ,

320 420 333 438 a
347 417 434 439 utem.

301 447 401 483 Cum,
418 445 486 475 ficut
502 444 643 480 fidedigna
657 443 790 473 relatione
803 444 982 480 accepimus,
1002 441 1128 473 Ecclesia
1143 440 1321 472 Cathedralis

266 483 485 521 Dunelmensis,
503 491 560 513 tam
579 483 607 511 iri
623 476 818 520 Spiritualibus
834 482 918 518 quam
932 481 1154 518 Temporalibus
1169 480 1220 510 suis
1245 478 1321 518 lnju-

264 523 307 553 ria
330 522 479 553 Insolentia
502 523 535 553 &
562 519 764 559 Necligentia,
785 528 844 549 tam
868 518 980 549 Decani
1002 525 1087 558 quarn
1102 518 1320 557 Canonicorum

264 558 527 592 Praebendariorum
550 558 768 588 Officiariotum
793 559 825 588 &
843 566 1013 588 caeterorum
1039 556 1237 586 Ministrorum
1254 556 1322 595 ejus-

264 600 350 637 dem,
367 599 460 638 gravia
468 596 636 637 jampridem
653 596 798 626 incurrerit
815 594 986 634 Dispendia,
1009 595 1127 634 quibus,
1153 594 1202 624 nisi
1218 605 1321 634 prope-

265 637 343 669 diem
359 638 454 668 debite
472 636 666 674 prospiciatur,
685 633 720 664 ad
743 634 947 673 irreparabilem
964 634 1103 672 jacturam
1119 633 1155 662 de
1177 633 1323 664 veresimili

267 678 430 715 perveniet,

306 714 374 745 Nos
389 716 459 744 vero
469 736 478 751 ‚

306 753 516 783 Aufitoritatem
535 749 659 780 nostram
677 748 819 788 Regiam,
838 747 873 778 ad
889 747 1035 778 Bonorum
1053 747 1207 785 praesertim
1223 744 1324 777 Suble-

270 801 374 822 vamen
403 791 437 821 &
466 789 671 829 Improborum
698 786 926 825 Suppreffionern
942 808 952 824 ,
985 787 1069 816 nobis
1103 796 1118 815 a
1144 785 1211 815 Deo
1238 785 1324 822 Opti-

271 833 323 860 mo
342 829 476 859 Maximo
496 826 682 857 commissam
700 825 901 862 agnoscente5‚
919 834 1001 862 atque
1021 823 1164 861 Exemplis
1189 823 1325 860 plurimo-

269 877 333 898 rum
351 868 466 907 piorum
484 865 667 901 Principum,
686 872 745 894 tam
764 865 793 892 in
814 862 966 899 Scripturis
991 862 1080 892 Sacris
1102 863 1188 899 quam
1215 862 1242 890 in
1268 861 1326 890 Hi-

269 905 359 936 storiis
383 902 584 935 Ecclesiasticis
609 903 691 932 nobis
714 901 860 942 propositis
878 902 906 930 in
926 901 979 929 hac
999 909 1075 938 parte
1104 907 1259 938 permotae,
1282 907 1326 929 ut-

267 954 340 984 que,
358 942 505 981 amputatis
524 941 607 978 vitio,
630 939 771 970 Abusium
792 939 1004 969 Enormitatum
1023 940 1056 969 &
1071 947 1243 968 caeterorum
1259 936 1326 967 Ma-

270 983 363 1013 lorum
383 981 539 1018 Vepribus,
557 979 661 1009 fincera
680 977 811 1017 Religio,
829 976 895 1008 Vita
913 974 1006 1014 bona,
1024 978 1057 1009 ὃς
1079 979 1094 993 ³*
1115 976 1193 1006 redte
1212 975 1328 1006 vivendi

271 1020 440 1058 Normam‚
458 1020 489 1049 in
506 1018 606 1049 eadem
624 1016 748 1048 Ecclesia
766 1014 928 1046 Cathedtali
946 1015 1110 1046 restauretur
1133 1017 1269 1052 augeatur
1294 1013 1328 1044 δί

269 1058 427 1090 reflorescat
442 1080 452 1095 ,
1039 1091 1044 1097 ,
1213 1091 1218 1096 .

309 1098 357 1129 Ad
374 1094 543 1128 vilitandum
562 1095 661 1133 igitur,
680 1101 740 1123 tam
760 1093 789 1122 in
808 1090 910 1129 Capite
926 1092 1013 1129 quarn
1037 1100 1066 1120 in
1087 1087 1249 1127 Membris,
1273 1089 1330 1119 Ec-

270 1134 375 1177 clefiam
393 1133 583 1165 Cathedralem
603 1131 826 1170 Dunivlmenfi’m,
853 1138 935 1169 atque
960 1133 1098 1159 Decanum
1115 1127 1153 1162 ό·
1174 1127 1329 1166 Capitulum

270 1174 396 1213 ejusdem
418 1173 571 1210 Ecclesiae,
589 1170 759 1211 caeterosque
780 1167 931 1199 Ministros
947 1167 1113 1197 Officiarios
1127 1166 1331 1204 quoscumque,

269 1213 387 1253 aliasque
411 1211 543 1242 Personas
566 1209 757 1248 quascumque
771 1208 799 1237 in
817 1207 916 1238 eadem
935 1206 1064 1249 degentes
1089 1206 1122 1235 &
1146 1214 1331 1248 commoran-

275 1261 335 1291 te5,
353 1252 444 1289 deque
463 1249 540 1280 Statu
557 1248 679 1287 ejusdem
697 1246 832 1277 Ecclesia:
849 1244 1040 1281 Cathedralis,
1064 1253 1176 1274 necnon
1198 1243 1327 1280 Religio-

275 1301 327 1329 ne,
347 1290 466 1327 Studio,
484 1286 570 1325 Vita,
590 1286 727 1316 Moribus
742 1286 776 1316 ὃς
791 1283 1032 1319 Conversatione,
1049 1291 1132 1320 atque
1145 1283 1233 1311 etiarn
1250 1281 1332 1318 Qua-

274 1329 399 1359 litatibus
425 1326 582 1357 eorundem
607 1321 712 1355 De'cani
735 1322 773 1358 &
803 1321 937 1361 Capituli,
963 1331 997 1352 ac
1017 1320 1234 1351 Canonicorum
1252 1319 1331 1349 Prae-

274 1368 478 1398 bendariorum
496 1363 695 1397 Ministrorum
714 1364 748 1393 δε
768 1358 983 1391 Officiariorum
1002 1360 1031 1389 in
1051 1358 1154 1403 eisdem
1168 1358 1333 1403 degentium

274 1407 309 1437 &
336 1405 580 1440 Ministrantium,
606 1401 696 1431 modis
720 1400 856 1431 omnibus
881 1399 982 1437 quibus
1006 1398 1106 1428 melius
1133 1397 1165 1427 &
1191 1396 1334 1426 efficacius

297 1446 421 1481 meritis,
444 1441 643 1480 inquirendum
668 1441 702 1471 &
721 1438 964 1475 investigandum,
990 1444 1016 1466 at
1038 1444 1071 1467 ue
1098 1435 1273 1465 Criminosos
1300 1434 1333 1464 &

275 1454 501 1521 Beknquemes,
519 1489 565 1511 aut
583 1478 676 1517 aliqui
695 1476 904 1514 lrregula'ritatis
925 1475 1044 1505 Macula
1064 1475 1203 1511 irretitos,
1219 1473 1264 1504 vel
1277 1472 1335 1516 Of—

278 1521 342 1552 ficia
367 1524 400 1554 δε
428 1519 589 1551 Ministeria
614 1517 659 1548 sua
683 1516 886 1553 Necligentes,
911 1514 1027 1545 aliterve
1046 1513 1214 1552 culpabiles,
1234 1510 1336 1555 cpndi-

278 1561 358 1600 gnis,
372 1570 425 1598 pro
445 1559 554 1589 ratione
573 1555 738 1587 Criminum
758 1555 791 1586 &
812 1553 992 1583 Delietorum
1010 1551 1142 1594 suorum,
1169 1550 1287 1587 Poenis,
1305 1559 1336 1594 ej

278 1601 348 1630 tiam
365 1599 448 1638 usque
467 1597 502 1627 ad
522 1596 707 1632 Dignitatum
727 1593 907 1623 Officiorum
926 1592 958 1621 &
979 1588 1336 1633 Ministe'riorumsuorum

276 1637 431 1677 respeffive
450 1636 646 1665 Privationem
664 1634 696 1664 ὃς
716 1632 907 1662 Amotionem
925 1628 1078 1666 inclusive,
1100 1633 1151 1671 aut¹
1175 1626 1336 1664 Stipendio-

278 1686 344 1707 rum
371 1677 405 1708 &
433 1674 706 1705 Emolumentorum
730 1671 846 1701 suorum
874 1676 1123 1710 quorumcumque
1144 1665 1211 1694 inde
1231 1674 1339 1702 prove-

278 1716 420 1745 nientium
434 1711 691 1750 Sequestrationem
701 1731 710 1746 ,
729 1708 774 1738 vel
791 1706 918 1744 quamvis
932 1704 1014 1735 aliam
1030 1712 1186 1742 congruam
1202 1703 1235 1733 &
1251 1712 1340 1744 corn-

276 1757 419 1791 petentem
433 1750 640 1784 Coertionem,
658 1745 837 1784 puniendum
854 1746 887 1776 δε
902 1742 1124 1785 corrigendum,
1141 1749 1224 1785 atque
1240 1739 1274 1770 ad
1285 1742 1339 1770 iin-

280 1792 422 1822 ceriorern
448 1788 606 1827 Religionis
626 1784 833 1816 Profeffionem
848 1806 857 1821 ,
883 1782 1059 1820 probatiores
1080 1780 1196 1811 vivendi
1219 1778 1338 1816 Mores,

281 1830 375 1860 modis
388 1828 522 1859 omnibus
538 1825 638 1863 quibus
654 1823 777 1861 poteritis
793 1821 987 1852 reducendum
998 1843 1007 1858 ,
1083 1861 1085 1863 r
1098 1858 1103 1863 ἡ
1283 1860 1285 1862 Ι

316 1868 513 1899 Contumaces
526 1866 621 1894 autem
637 1863 670 1893 δε
685 1861 833 1899 Rebesses,
852 1861 871 1891 si
887 1869 956 1899 quos
977 1859 1158 1894 inveneritis,
1168 1857 1336 1896 *cujuscumss

279 1917 336 1945 que
352 1904 446 1937 Statsis
461 1904 506 1935 vel
523 1901 704 1933 Conditionis
718 1901 838 1937 fuerint,
856 1907 914 1928 ram
932 1908 980 1935 per
1003 1896 1142 1927 Censuras
1166 1896 1341 1927 Ecclesiasti-

282 1949 328 1976 'cas
350 1946 435 1983 quam
456 1941 715 1973 incarcerationem
742 1937 989 1975 Recognitionem
1012 1935 1252 1975 Acceptationern
1266 1958 1277 1973 ,
1308 1934 1342 1965 &⁷

280 1989 471 2023 quaecumque
485 1982 535 2012 alia
546 1980 623 2018 juris
640 1976 781 2009 Remedia
794 1974 1054 2018 compescendum,
1306 2011 1312 2017 ι

321 2022 452 2054 Necnon
474 2018 584 2050 Decani
606 2015 871 2047 praebendariorum
893 2013 1115 2045 Canonicorum
1132 2012 1166 2041 &
1188 2010 1343 2043 Beneficia-

285 2069 382 2093 torum
399 2066 666 2098 quorumcumque,
685 2061 743 2085 tam
766 2061 818 2093 pto
837 2048 997 2083 Ordinibus
1021 2052 1107 2095 quarn
1131 2049 1279 2081 Beneficiis
1294 2060 1343 2087 per

283 2111 333 2131 eos
347 2100 472 2136 adeptis,
492 2097 596 2127 Literas
610 2096 643 2126 &
659 2093 842 2124 Munimenta.
857 2100 1046 2129 quaecumque
1061 2088 1235 2132 exrgendum
1250 2088 1283 2118 δε
1300 2098 1344 2118 re-

283 2139 451 2177 cipiendum
460 2136 573 2174 ‚easque
588 2136 620 2166 δε
636 2143 666 2163 ea
681 2132 833 2169 diligenter
846 2128 1065 2160 examinandum
1081 2129 1114 2158 ὃς
1131 2127 1345 2164 discutiendum,

282 2180 317 2210 &
332 2179 352 2208 si
370 2186 439 2215 quos
454 2184 511 2204 non
528 2173 697 2203 sufficienter
711 2171 838 2201 munitos
854 2170 883 2199 in
898 2178 930 2198 ea
946 2176 1022 2205 parte
1037 2167 1229 2210 competentis
1243 2166 1279 2196 ab
1287 2164 1346 2195 Of-

284 2217 355 2247 ficiis
370 2218 403 2246 &c
420 2212 567 2244 Beneficiis
581 2209 804 2247 dimittendum,
819 2209 852 2239 &
866 2207 904 2237 fic
928 2217 980 2244 pro
1003 2216 1062 2236 non
1085 2213 1199 2235 munitis
1220 2213 1347 2241 pronun-

283 2254 421 2286 ciandum
435 2253 467 2283 &
487 2250 704 2284 declarandum,
719 2246 890 2284 eosdemque
909 2246 1065 2276 Decanum
1080 2242 1249 2287 Cano-nicos
1267 2242 1345 2286 Prae-

285 2293 435 2324 bendarios
457 2289 609 2320 Ministros
631 2289 664 2319 δε
687 2285 869 2322 Officiatios,
888 2294 922 2314 ac
936 2282 1071 2314 Personas
1084 2282 1147 2312 allas
1162 2291 1191 2311 in
1214 2281 1346 2324 praedicta

285 2332 409 2363 Ecclelia
430 2329 582 2366 degentes,
607 2325 804 2363 Dignitatibus
828 2321 1135 2365 Administrationibus
1159 2319 1204 2350 vel
1228 2318 1346 2349 Officiis

286 2371 339 2402 suis
360 2369 493 2405 indignos
514 2367 560 2396 seu
582 2365 757 2401 indignum,
773 2370 820 2392 aut
835 2371 931 2392 veram
955 2359 1142 2398 Religionem
1159 2363 1218 2389 n'on
1238 2357 1346 2402 ample-

287 2411 397 2441 ctentes
411 2407 456 2437 vel
469 2399 953 2442 ampledlaentem‚deprehenderitis
971 2398 1092 2437 Legibus
1105 2398 1150 2428 vel
1166 2397 1280 2427 Statutis
1295 2396 1347 2426 hu-

283 2450 329 2487 jus
350 2447 445 2478 Reuni
459 2444 565 2481 nostri,
583 2443 628 2473 vel
644 2441 757 2471 Statutis
773 2441 805 2470 &
833 2438 1066 2468 Ordinationibus
1087 2436 1225 2466 Ecclesiae
1246 2435 1349 2474 praedi-

288 2487 346 2517 &ae
382 2471 426 2516 νῗῑ]
441 2481 616 2514 Commodo
630 2477 810 2517 Reipublicae
825 2485 871 2506 aut
888 2476 1022 2506 Ecclesia:
1039 2475 1200 2512 praedietae,
1216 2474 1263 2504 vel
1288 2472 1348 2503 Re-

288 2508 403 2563 ligio’nis
417 2522 574 2559 Negotio,
589 2527 635 2549 aut
650 2516 744 2556 aliqua
757 2515 809 2547 ali&
824 2515 1013 2545 Ordinatione
1029 2512 1169 2550 legittima
1190 2511 1217 2541 id
1233 2512 1347 2555 exiveri-

288 2568 335 2602 te,
351 2564 387 2593 ab
403 2559 532 2592 Ecclesia
544 2557 679 2596 praedicta
692 2553 905 2592 expellendum,
924 2553 957 2583 &
973 2553 1008 2582 ab
1023 2552 1217 2590 Dignitatibus
1232 2535 1347 2579 Officiis

290 2604 324 2633 &
348 2597 603 2632 Administratione
624 2595 799 2625 Officiorutn
821 2592 937 2637 suorum
961 2592 1116 2628 respective
1131 2588 1302 2629 privandum
1315 2588 1348 2619 ὃ(

287 2639 500 2675 amovendum,
717 2667 719 2670 v
990 2669 994 2674 ι
1038 2668 1043 2674 .
1242 2667 1247 2671 .
1273 2666 1277 2671 Ι

328 2677 473 2709 Celsiones
489 2682 620 2712 praeterea
634 2672 691 2702 sive
711 2670 930 2707 Refignationes
954 2668 1136 2708 Dignitatum
1160 2664 1350 2696 Administra—

290 2720 404 2749 tionum
419 2715 464 2746 vel
481 2713 661 2744 Officiorum
675 2710 788 2740 suorum
802 2707 1024 2751 praedidtorum,
1043 2705 1071 2749 sl.
1089 2714 1152 2743 quae
1172 2714 1229 2748 *per
1252 2703 1351 2734 Deca-

291 2766 365 2788 num
382 2754 548 2786 Canonicos
562 2748 778 2781 Praebendarios
793 2746 958 2776 Officiarios
971 2754 1017 2774 aut
1038 2745 1107 2774 alios
1131 2742 1280 2786 Ministros
1303 2743 1349 2772 seu

290 2804 389 2826 eorum
404 2794 545 2830 aliquem,
563 2797 664 2819 coram
678 2787 762 2817 vobis
776 2785 860 2815 faetae
878 2784 925 2814 seu
941 2784 1074 2814 exhibitae
1096 2781 1214 2824 fuerint,
1240 2781 1350 2811 Audio-

288 2835 342 2865 xite
357 2831 454 2863 nostra
470 2827 697 2863 admittendum,
715 2834 802 2862 eaque
817 2823 854 2853 sic
869 2823 1006 2859 resignata
1021 2820 1065 2851 seu
1079 2819 1195 2850 admissa
1211 2820 1303 2850 vacari
1318 2822 1352 2850 ac'

292 2883 346 2914 pro
363 2870 528 2902 vacantibus
543 2863 753 2897 decernendum
769 2863 802 2893 ὃς
819 2861 1037 2897 declarandum,
1262 2898 1266 2901 ι

334 2911 382 2942 Ab
398 2908 523 2940 Ecclesia
541 2913 654 2943 quoque
671 2910 783 2932 amotos
802 2902 830 2930 in
850 2899 997 2938 pristinum
1025 2898 1140 2928 Locum
1163 2897 1196 2927 &
1222 2895 1352 2933 Statum,

294 2950 316 2981 fi
342 2948 441 2979 Causae
469 2946 580 2986 aequitas
606 2942 634 2973 id
660 2939 839 2979 postulaverit
865 2962 874 2977 ,
911 2936 1107 2968 revocandum
1141 2935 1175 2966 δε
1207 2934 1353 2964 restituens

290 2989 379 3025 dum,
712 3018 717 3023 ,
959 3014 964 3019 .
989 3014 994 3019 .
1045 3014 1049 3018 .
1205 3011 1210 3016 .
1331 3011 1352 3022 .,

331 3026 443 3063 Insuper
467 3022 626 3053 Charitates
645 3017 764 3056 Regias,
783 3013 895 3046 Indulta
918 3013 1067 3050 PnVllegia
1082 3012 1280 3055 Immunitates
1301 3011 1353 3041 Li-

294 3066 363 3096 bros
381 3064 488 3094 Statura
506 3058 636 3097 Registra
659 3056 824 3095 Computa,
841 3054 874 3084 δε
894 3053 945 3083 alia
968 3052 1078 3088 Scripta
1098 3049 1143 3080 seu
1168 3049 1352 3081 Munimenta

294 3109 504 3142 quaecumque,
519 3098 606 3128 diffitae
622 3094 757 3126 Ecclesia:
773 3091 982 3123 Fundationem
1000 3089 1268 3130 incorporationem
1283 3088 1351 3118 Do-

298 3142 437 3173 tationem
452 3137 582 3175 Negotia
597 3134 643 3165 vel
656 3133 768 3163 Statum
782 3129 992 3171 quoquomodo
1008 3129 1151 3170 tangentia
1164 3126 1219 3156 sive
1230 3136 1353 3170 concer7

298 3181 395 3211 nentia
454 3174 609 3214 petendum
634 3170 802 3210 exigendum
817 3193 826 3206 ,
858 3167 994 3206 vobisque
1022 3166 1203 3209 praeferat&
1228 3165 1352 3194 exhiberi

298 3202 496 3249 mandandum
515 3213 548 3244 &
566 3210 747 3248 faciendum,
765 3213 852 3245 eaque
871 3205 1066 3244 recipiendum
1082 3204 1114 3235 &
1130 3203 1276 3241 diligenter
1288 3212 1351 3233 exa-

300 3255 488 3292 minandum,
1054 3282 1059 3287 .
1102 3285 1104 3287 .
1134 3284 1137 3287 .
1299 3281 1304 3286 ι
1345 3280 1350 3286 .

338 3295 471 3325 Necnon
496 3289 689 3328 Injunffiones
710 3287 743 3318 &
764 3285 889 3322 Statura,
912 3292 974 3322 quae
990 3278 1074 3311 vobis
1085 3279 1351 3324 pro-commodiori

299 3333 413 3364 Ordine
435 3332 467 3363 ὃς
489 3328 709 3359 Gubernatione
729 3324 814 3355 dietae
838 3322 973 3353 Ecclesiae
987 3318 1160 3362 Cathedralis
1180 3318 1353 3362 videbuntur

300 3373 403 3403 idonea
445 3367 586 3409 praedidtis
609 3365 734 3395 Decano
756 3361 914 3392 Canonicis
933 3358 1135 3389 Praebendariis
1157 3354 1296 3387 Ministris
1318 3358 1352 3387 &-

300 3394 480 3445 Officia'riis,
511 3414 545 3436 ac
567 3404 627 3434 aliis
650 3402 780 3433 Personis
803 3399 1023 3437 quibuscumque
1047 3398 1075 3427 in
1102 3394 1200 3439 eadem
1228 3395 1352 3426 Ecclesia

301 3445 570 3481 commorantibus,
588 3444 621 3474 δί
644 3449 742 3471 eorum
765 3437 994 3473 Successoribus,
1019 3435 1154 3465 Nomine
1179 3433 1277 3477 nostro
1291 3441 1349 3476 ‘tra-

299 3487 428 3519 dendum
463 3494 496 3514 ac
518 3483 582 3511 vice
604 3480 637 3510 &
652 3479 817 3510 auetoritare
837 3475 937 3507 nostris
953 3475 991 3505 eis
1006 3470 1193 3504 indicendum
1208 3473 1241 3504 &
1258 3481 1352 3516 injun-

296 3508 447 3566 gendum,⁷
469 3519 630 3557 Poenasque
649 3517 853 3548 convenientes
873 3515 902 3544 in
923 3522 1029 3556 eorum·
1045 3511 1204 3542 Violatores
1225 3510 1353 3554 infligen-

299 3566 371 3596 dum
394 3564 427 3595 &z
450 3558 632 3598 irrogandum
642 3579 651 3594 ,
667 3555 831 3592 Statutaque
851 3553 884 3583 &
899 3551 1101 3582 Ordinationes
1113 3557 1147 3578 ac
1161 3548 1352 3579 Consuetudi-

297 3612 365 3642 nes,
383 3602 403 3632 fi
416 3609 484 3639 quas
498 3595 691 3633 compereritis
711 3593 814 3624 eisdem
829 3591 983 3622 contrarias
1003 3590 1061 3620 five
1083 3595 1282 3628 repugnanteS‚
1297 3587 1352 3617 tol-

297 3643 415 3673 lendum
429 3639 461 3669 &
477 3636 588 3678 penitus
600 3631 834 3668 adnihilandum,
922 3668 926 3673 Ι
978 3666 983 3671 .
1144 3665 1149 3670 ¹
1236 3668 1239 3669 ⁷
1292 3664 1297 3670 .

333 3680 533 3719 Jurarnentum
545 3674 633 3705 etiam
648 3670 830 3701 Obedientiae
846 3669 879 3699 &
895 3665 1047 3697 Fidelltatis
1063 3663 1164 3696 Nobis
1184 3661 1351 3694 Haeredibus

301 3720 336 3751 ὃς
351 3713 563 3748 Successoribus
577 3710 677 3741 nostris
691 3709 784 3739 debita
820 3708 852 3738 &
865 3705 1016 3743 praesertim
1031 3704 1066 3734 de
1083 3702 1264 3742 agnoscendo
1288 3701 1351 3732 Re-

300 3756 351 3794 gia
364 3757 397 3787 ὅτ,
411 3751 538 3791 suprema
554 3750 729 3781 Aue’toritate
742 3731 838 3776 nosti-a
853 3744 1010 3774 Haeredum
1025 3743 1057 3773 ὅ(
1079 3740 1284 3784 Succ'e'fforum¹
1297 3751 1352 3770 no-

301 3795 423 3825 strorum
438 3794 467 3821 in
483 3790 592 3822 cunetis
605 3786 716 3824 Cauiis,
733 3793 792 3815 tarn
809 3782 1012 3814 Ecclesiasticis
1025 3782 1110 3824 quam
1118 3779 1352 3822 Temporalibus,

300 3833 394 3870 deque
407 3828 600 3860 renunciando
615 3827 647 3857 δε
664 3824 775 3863 penitus
790 3820 956 3860 abnegando
971 3829 1052 3863 omni
1069 3818 1249 3861 Auditoritate
1262 3817 1352 3855 &Ju-

299 3869 463 3902 :isdietione
482 3865 638 3902 forinseca,
652 3872 731 3901 Juxta
752 3861 926 3897 exigentiam
947 3857 1093 3897 cujusdam
1115 3856 1237 3899 Statuti,
1263 3855 1353 3885 Anno

302 3908 401 3947 Regni
418 3905 508 3936 nostri
528 3906 639 3941 primo,
657 3904 687 3932 in
702 3911 733 3931 ea
747 3908 824 3940 parte
838 3898 923 3936 editi,
939 3899 972 3928 &
993 3904 1182 3940 quaecumque
1204 3893 1256 3924 alia
1272 3893 1352 3937 jura-

303 3955 400 3978 menta
418 3953 453 3974 ex
473 3942 586 3973 Statutis
610 3942 655 3973 vel
670 3940 793 3978 Legibus
808 3935 1004 3979 Regnirnostri
1024 3933 1150 3977 praejstari
1170 3933 1188 3951 ⁸
1209 3932 1352 3975 requisita,

255 3978 262 3986 “
299 3995 360 4021 tam
373 3995 389 4014 a
404 3982 528 4012 Decano
547 3979 705 4012 Canonicis
721 3975 923 4011 Praebendarns
937 3974 970 4006 &
984 3972 1200 4010 Officiarus,ac
1214 3969 1272 4002 alus
1285 3979 1353 4009 orn-¹¹

367 4025 440 4052 Tom-
457 4022 506 4052 VI.
521 4021 554 4050 P.
570 4020 618 4049 IV.

1400 84 1868 131 PUBLICAs
2345 97 2424 139 ¹79

1368 171 1450 214 nibus
1472 172 1542 201 inibi
1561 172 1728 210 degentibus
1751 174 1783 204 ὃς
1807 173 2075 210 commorantibus,
2101 171 2269 211 exigendum
2294 172 2326 202 ὃς
2349 172 2419 201 reci-
2443 166 2542 197 Anflssl

1372 209 1524 247 piendum,
1544 220 1577 240 ac
1593 211 1789 249 quoscumque
1807 213 1835 241 in
1848 222 1880 241 ea
1895 221 1972 248 parte
1985 211 2182 241 Contumaces
2207 210 2368 240 inveneritis
2383 208 2419 238 ab
2459 205 2542 248 1578·

1370 247 1468 277 eadem
1485 247 1609 280 Ecclesia
1622 250 1819 279 amovendum
1833 250 1866 280 &
1881 249 2096 289 expellendum,
2439 254 2473 270 20
2497 244 2542 270 clu

1407 285 1443 315 Et
1460 287 1622 324 generaliter
1633 288 1732 317 omnia
1748 287 1798 316 alia
1814 289 1846 318 ὃς
1862 287 1965 324 singula
1979 297 2060 326 quae,
2075 288 2152 317 circa
2170 284 2332 324 hujusmodi
2350 285 2422 314 Visi-
2479 285 2537 316 ΒΨ

1369 324 1482 353 tationis
1496 324 1539 354 seu
1558 323 1782 355 Reformationis
1795 325 1923 364 Negotia
1932 349 1941 362 ,
1957 326 2013 355 sive
2027 325 2076 354 hic
2089 323 2219 362 specifice
2231 332 2265 353 ex
2288 322 2356 353 ressa
2370 323 2423 353 sint

1370 361 1425 390 five
1446 372 1505 392 non
1524 363 1647 399 expressa
1666 363 1732 400 sint,
1754 364 1877 400 requisita
1891 372 1936 393 aur
1951 361 2100 394 necesiaria
2122 362 2227 393 fuerint
2239 372 2274 392 ve
2300 370 2423 399 quomoa>

1369 398 1477 430 dolibet
1492 408 1649 437 oportuna,
1667 401 1832 431 faciendum
1847 402 1879 432 ὃς
1894 401 2100 439 exequendum.

1407 438 1496 468 Vobis
1516 437 1675 476 Omnibus,
1694 439 1730 470 de
1748 449 1870 482 quorum
1891 439 1996 469 sincera
2019 439 2084 469 Reli
2106 439 2171 468 ione
2200 438 2233 468 &
2255 436 2419 474 Boetrina,

1368 482 1483 505 necnon
1499 475 1622 505 Morum
1640 478 1671 507 &
1685 476 1802 506 Conlilii
1817 478 1969 514 gravitate,
1984 486 2017 507 ac
2033 478 2062 506 in
2112 477 2180 506 ebus
2194 476 2321 514 gerendis
2338 474 2419 504 Dex-

1369 515 1476 544 teritate
1491 514 1523 544 &
1539 513 1678 544 Industria
1698 516 1853 552 plurimum
1869 515 1898 544 in
1920 515 1972 544 hac
1987 524 2063 551 parte
2077 513 2248 544 confidimus
2262 513 2306 544 seu
2321 512 2419 543 saltem

1370 552 1516 582 tresdecim
1531 551 1686 583 duodecim
1702 553 1837 583 undecim
1852 553 1954 583 decem
1969 558 2077 582 novem
2093 553 2164 582 osto
2186 552 2291 589 septem
2314 551 2358 581 sex
2374 558 2422 580 aut

1369 591 1496 658 &inque
1511 589 1639 620 vestrum
1660 592 1794 630 (quorum
1809 601 1859 621 vos
1875 590 2023 629 praefatum
2032 590 2284 629 Reverendtffimum
2298 591 2424 626 Patrem,

1405 630 1534 658 ominum
1558 628 1705 658 Henrc'cum
1731 632 1860 659 Comitem
1881 630 1913 658 de
1933 631 2123 665 Huntington,
2142 626 2296 667 Episcopum
2318 626 2426 657 Dunel-

1371 665 1501 705 menfim,
1521 667 1672 705 Episcopum
1688 667 1877 706 Carliolenfim
1892 669 1925 698 δε
1942 669 2088 696 Dominum
2103 668 2196 695 Evers
2210 676 2301 696 unum
2316 666 2425 703 semper

1370 704 1427 734 esse
1443 704 1588 741 volumus)
1607 715 1640 735 ac
1656 715 1732 736 certa
1746 706 1869 736 Scientia
1884 706 1916 735 &
1934 714 2013 735 mero
2031 704 2118 734 Motu
2140 703 2256 741 nostris,
2283 714 2316 734 ac
2333 704 2429 740 supre-

1372 742 1419 773 mfi
1448 742 1627 772 Auctoritate
1646 743 1743 774 nostra
1766 743 1878 781 Regia,
1910 743 1994 773 Vices
2017 743 2050 772 &
2072 743 2278 772 Auctoritatem
2302 741 2408 772 nostras
2416 764 2427 779 ‚

1372 781 1456 810 omni
1470 780 1671 818 Appellatione
1686 781 1814 820 remota>
1829 780 2030 812 committend.
2045 781 2078 812 &
2094 781 2205 820 plenam
2215 780 2333 810 Tenore
2348 779 2425 809 Prae-

1374 819 1493 849 sentium
1509 820 1718 849 committimus
1733 819 1929 857 Potestatem,
2023 853 2026 856 Δ

1412 856 1527 895 Vosque
1548 857 1702 897 Delegatos
1725 857 1781 888 sive
1807 856 2028 888 Commissarios
2048 857 2161 887 nostros
2183 856 2213 886 in
2228 856 2322 886 forma
2336 855 2429 893 supra-

1375 893 1473 932 scripta
1495 895 1530 925 ad
1550 895 1695 926 Praemiffa
1710 896 1872 935 exequenda
1888 897 2068 926 nominamus
2089 896 2251 925 ordinamus
2267 895 2299 925 &
2316 894 2432 932 deputa*

1377 941 1441 963 mus
1456 940 1504 971 per
1520 933 1801 972 Praesentes‚'eatenus
1815 934 1954 964 duraturas
1969 934 2063 963 donec
2078 933 2182 963 eisdem
2198 932 2432 970 supersedendum

1376 970 1438 1001 fore
1452 972 1679 1009 decreverimus,
1702 974 1787 1002 etiam
1802 972 1821 1002 si
1836 972 1997 1010 hujusmodi
2013 972 2065 1001 sint
2079 981 2141 1010 quae
2155 972 2279 1010 specialia
2295 971 2383 1011 mag'is
2397 972 2430 1001 ὅτ.

1377 1010 1500 1047 expreffi
1515 1011 1600 1040 verba
1618 1011 1780 1050 requirunt,
1795 1018 1865 1040 curn
1888 1010 2064 1041 Auctoritate
2087 1010 2259 1048 procedendi
2281 1009 2433 1040 summarie

1378 1049 1411 1089 &t
1427 1048 1463 1078 de
1479 1049 1564 1086 plano
1576 1058 1609 1079 ac
1625 1049 1681 1079 fine
1696 1048 1810 1086 strepitu
1821 1049 1854 1078 &
1869 1047 1959 1085 figura
1972 1048 2091 1087 Judicii,
2109 1046 2165 1078 sola
2181 1046 2236 1076 Rei
2253 1047 2375 1078 Veritate
2389 1049 2434 1077 in-

1378 1086 1489 1124 (pecta,
1508 1097 1541 1117 ac
1559 1087 1637 1117 mera
1653 1088 1782 1126 aequitate
1795 1087 1917 1125 attenta,
1931 1088 1965 1119 δὲ
1980 1096 2048 1117 cum
2064 1085 2212 1124 cujussibet
2233 1095 2267 1115 ac
2287 1086 2436 1124 legittimae

1379 1124 1563 1156 Cohertionis
1578 1125 1736 1163 Potestate3

1417 1163 1588 1194 Mandantes
1602 1162 1739 1194 omnibus
1752 1166 1785 1196 ὃς
1799 1163 1908 1203 singulis
1921 1162 2149 1194 Vicecomitibus
2173 1160 2332 1200 MaJ'oribus
2348 1161 2437 1202 ‘Balli-

1381 1203 1440 1240 vis,
1459 1203 1491 1231 &
1505 1202 1731 1241 quibuscumque
1746 1203 1803 1232 aliis
1818 1202 1975 1232 Officiariis
1993 1200 2134 1230 Ministris
2150 1201 2316 1232 &Subditis
2324 1200 2438 1239 nostris,

1381 1248 1411 1270 ut
1424 1240 1506 1270 vobis
1523 1240 1668 1278 Delegatis
1683 1242 1738 1270 live
1755 1239 1964 1271 Commissariis
1980 1238 2083 1269 nostris
2105 1239 2262 1277 praedietis,
2279 1240 2309 1269 in
2331 1240 2364 1270 ὃς
2382 1240 2439 1270 cir-

1381 1288 1415 1308 ca
1431 1278 1645 1309 Praemifforum
1662 1278 1888 1317 Executionem‚
1905 1279 1940 1308 de
1960 1287 2091 1317 ternpore
2111 1279 2140 1307 in
2156 1286 2268 1315 tempus
2281 1276 2440 1308 effectuali-

1380 1325 1422 1346 ter
1440 1316 1561 1347 assistant
1575 1317 1761 1347 attendant&
1779 1318 1908 1348 auxilient
1922 1319 1951 1346 in
1974 1317 2110 1347 omnibus
2124 1324 2206 1353 prout
2220 1317 2320 1354 decer3
2344 1316 2441 1355 aliquo

1384 1355 1498 1386 Statuto
1513 1355 1712 1393 Parliamenti,
1731 1355 1808 1386 Actu
1826 1355 2015 1385 Ordinatione
2036 1354 2201 1385 Provisione
2223 1354 2442 1385 Constitutione

1384 1393 1579 1424 Restrietione
1601 1394 1645 1424 seu
1669 1392 1843 1424 Inhibitione
1857 1403 2054 1432 quacumque,
2069 1399 2115 1423 aut
2138 1393 2233 1431 aliquo
2246 1393 2356 1423 Statuto
2369 1392 2441 1431 ejus-

1383 1432 1452 1462 dem
1474 1432 1607 1462 Ecclesiae
1628 1431 1804 1463 Cathedrah's
1822 1432 1924 1469 locali,
1943 1432 1988 1461 seu
2005 1431 2119 1461 Statutis
2135 1431 2272 1462 localibus
2295 1431 2345 1462 sub
2357 1430 2441 1470 Jura-

1386 1479 1485 1500 mento
1499 1472 1584 1500 etiam
1599 1470 1781 1501 observandis
1796 1472 1825 1500 in
1843 1471 2021 1500 contrarium
2037 1469 2103 1499 inde
2118 1468 2217 1499 habitis
2230 1469 2312 1500 factis
2326 1470 2442 1500 ordina-

1384 1510 1417 1539 tis
1434 1508 1478 1540 seu
1493 1509 1626 1547 provisis,
1645 1516 1691 1538 aut
1705 1509 1798 1548 aliqua
1814 1508 1866 1540 alia
1881 1508 1929 1539 Re
1945 1506 2038 1539 Causa
2054 1507 2099 1539 vel
2115 1506 2239 1539 Materia
2255 1517 2443 1548 quacumque,

1385 1549 1415 1577 in
1430 1548 1527 1585 aliquo
1542 1558 1601 1577 non
1617 1546 1802 1578 obstantibus.

1421 1585 1456 1616 In
1472 1586 1549 1623 cujus
1562 1587 1622 1625 rei,
1640 1587 1699 1617 &c.

1426 1661 1515 1694 Teste
1536 1662 1649 1703 Regina
1666 1662 1741 1701 apud
1759 1663 2036 1703 Wllmonasterium‚
2053 1661 2173 1694 decimo
2186 1670 2288 1702 quarto
2301 1662 2347 1694 die
2363 1661 2450 1694 Maii.

1871 1743 1926 1772 Per
1947 1743 2040 1771 Breve
2055 1741 2087 1770 de
2104 1741 2223 1770 Privato
2245 1738 2345 1779 Sigillo.

1762 1880 1814 1912 De
1838 1876 2068 1921 Praeftntatione.

1435 1956 1614 2001 Lizabetha,
1633 1961 1693 1993 Dei
1719 1962 1837 2000 Gratia,
1861 1963 1922 1993 δερ.
1959 1960 2130 1991 Reverendo
2149 1958 2317 2002 inChristo
2340 1961 2417 1992 Patri
2439 1984 2449 1999 ‚
2467 1959 2542 1991 Anti.

1454 2004 1568 2032 Ricardo
1582 2001 1765 2033 Permiffione
1784 2001 1879 2031 divina
1899 1998 2099 2038 Glaucestrieaefi
2116 1999 2241 2038 Episcopo
2257 2023 2266 2037 ,
2290 2001 2381 2038 ejusve
2401 2003 2450 2029 Vi-
2494 2006 2542 2036 157

1390 2045 1462 2071 cario
1481 2042 1510 2070 in
1530 2041 1724 2079 Spiritualibus
1747 2039 1897 2078 Generali,
1914 2047 1961 2068 aut
1974 2039 2019 2068 alii
2033 2040 2209 2074 cuicumque
2230 2038 2406 2070 Potei'tatem
2420 2040 2450 2069 in
2468 2041 2524 2065 Patr

1391 2081 1445 2111 hac
1463 2088 1538 2117 parte
1552 2080 1667 2109 habenti
1681 2078 1870 2108 sufficientem
1880 2099 1890 2115 ,
1907 2077 2044 2107 Salutem.
2469 2076 2536 2104 Eliz.

1431 2119 1479 2149 Ad
1497 2119 1650 2147 Reist‘oriam
1662 2117 1727 2156 five
1752 2114 1896 2156 Ecclesiam
1918 2114 2101 2144 Parachialem
2124 2113 2156 2143 de
2181 2113 2329 2154 Refingdon
2353 2126 2453 2152 magna
2475 2124 2517 2142 ιι.
2531 2122 2542 2141 z

1394 2157 1494 2187 vestrae
1502 2156 1642 2187 Dioecesis
1653 2157 1681 2185 in
1690 2155 1840 2185 Comitatu
1850 2153 1950 2184 nostro
1959 2153 2169 2190 Gloucestriae,
2189 2162 2238 2189 per
2248 2153 2370 2191 Lapsum
2386 2160 2461 2184 tem—
2473 2161 2520 2190 34.

1393 2198 1468 2233 poris
1479 2197 1540 2233 jam
1559 2202 1724 2231 vacantem,
1743 2195 1777 2224 &
1793 2193 1825 2223 ea
1839 2193 1947 2222 tatione
1956 2192 2018 2229 jure
2032 2191 2234 2230 Praerogativae
2248 2193 2351 2222 noitrae
2359 2192 2392 2222 ad
2401 2202 2456 2222 no-

1397 2234 1482 2265 stram
1510 2234 1707 2264 Donationem
1728 2232 1772 2262 vel
1796 2231 1995 2261 Collationem
2018 2239 2067 2260 aut
2089 2229 2313 2266 Dispolitionem
2336 2230 2466 2268 spectan-

1398 2282 1475 2312 tem,
1503 2272 1653 2302 Diletstum
1674 2270 1860 2308 Capellanum
1884 2269 2057 2298 ordinarium
2081 2268 2207 2306 Hospitii
2232 2269 2338 2307 nostri,
2363 2271 2461 2299 Anto-

1396 2315 1471 2341 nium
1485 2310 1632 2350 Haywood
1655 2309 1772 2340 Arrium
1794 2306 1985 2339 Baccalarium
2005 2307 2105 2344 vobis,
2136 2307 2251 2337 Tenore
2274 2307 2461 2339 Praesentium

1415 2350 1610 2386 raesentamus,

1393 2360 1413 2388 P
1433 2388 1580 2425 Rogantes
1595 2390 1628 2419 ὃ(
1644 2387 1830 2425 requirentes,
1849 2393 1986 2423 quatenus
2001 2384 2126 2415 eundern
2142 2386 2297 2414 Antonium
2305 2384 2459 2424 Haywood,

1396 2427 1431 2458 ad
1451 2427 1558 2457 dietam
1583 2426 1751 2456 Redtoriam
1769 2426 1825 2455 five
1840 2423 1998 2454 Ecclesiam
2020 2422 2218 2454 Parochial'em
2235 2423 2272 2453 de
2294 2423 2462 2463 Resingdon

1396 2475 1496 2504 magna
1509 2465 1674 2502 admittere,
1701 2464 1847 2503 ipsumque
1870 2462 2027 2493 Rectorem
2041 2461 2167 2499 ibidem,
2185 2471 2253 2491 curn
2278 2462 2328 2492 suis
2347 2462 2462 2502 juribus

1399 2504 1545 2534 Membris
1560 2504 1593 2535 &
1612 2498 1788 2533 Pertinentiis
1804 2501 1937 2532 universis
1953 2499 2101 2531 instituere
2124 2500 2157 2531 &
2182 2499 2328 2539 investire,
2346 2510 2463 2532 caetera-

1397 2553 1450 2580 que
1467 2543 1559 2572 facere
1573 2551 1706 2580 peragere
1728 2542 1761 2571 &
1779 2540 1946 2577 perimplere
1965 2562 1975 2577 ,
1993 2548 2056 2576 quae
2079 2538 2172 2568 vestro
2191 2539 2221 2568 in
2243 2539 2297 2569 hac
2317 2548 2394 2578 parte
2413 2541 2460 2571 iri-2

1399 2582 1542 2612 cumbunt
1562 2580 1675 2610 Officio
1703 2578 1835 2610 Pastorali
1859 2578 1950 2609 velitis
1967 2587 2036 2608 curn
2061 2576 2169 2607 favore.

1434 2619 1470 2650 In
1487 2620 1566 2657 cujus
1585 2620 1643 2655 rei,
1660 2618 1723 2649 &c.

1432 2695 1521 2728 Teste
1539 2694 1654 2735 Regin&
1670 2694 1743 2733 apud
1761 2693 1951 2733 Gorhambury
1964 2692 2103 2724 vicesimo
2116 2693 2199 2724 tertio
2221 2692 2280 2723 Die
2302 2692 2385 2724 Maii.

1911 2772 1966 2800 Per
1985 2773 2079 2800 Breve
2099 2770 2131 2800 de
2145 2772 2265 2800 Privato
2284 2768 2384 2808 Sigilla-

1728 2913 1753 2939 ἢ(
1778 2914 1826 2946 De
1850 2905 2133 2957 Praeftntationibmr
2498 2909 2542 2963 *5l

1401 2994 1572 3076 REgina,
1591 3003 1653 3033 &c.
1669 2999 1804 3031 omnibus
1818 2999 1852 3030 &
1867 2997 1979 3040 singulis
1991 2996 2026 3026 ad
2040 3004 2129 3034 qu08,
2149 2995 2211 3026 &c
2228 2994 2364 3025 Salutem.
2407 3036 2409 3039 ι
2518 2960 2542 3024 ζ

1499 3042 1598 3073 Sciatis
1611 3039 1691 3080 quod
1705 3038 1793 3075 Nos,
1808 3046 1842 3066 ex
1857 3035 1956 3066 Gratia
1975 3034 2069 3067 nostra
2081 3033 2207 3073 speciali,
2227 3043 2307 3063 mero
2323 3033 2410 3064 Motu
2424 3034 2458 3065 &
2481 3026 2537 3056 ΑΠῙ

1400 3082 1504 3114 intuitu
1530 3079 1693 3115 charitatis,
1712 3075 1818 3107 dediffe
1839 3076 1872 3105 &
1893 3071 2076 3110 concessisse,
2096 3081 2130 3101 ac
2153 3080 2203 3108 per
2225 3070 2375 3102 Praeserites
2394 3072 2460 3103 dare
2509 3074 2540 3103 ¹5

1399 3124 1434 3154 &
1449 3120 1625 3155 concedere,
1644 3115 1763 3147 Dilecto
1778 3113 1875 3144 Nobis
1888 3113 1918 3142 in
1934 3110 2067 3149 Christo,
2086 3112 2216 3146 Drcgorio
2231 3110 2354 3139 Nicholls
2369 3110 2462 3141 Sacrae
2484 3108 2542 3132 [²⁴²²-

1400 3158 1573 3196 Theologiae
1596 3153 1798 3187 Bacchalaurio
1809 3174 1819 3190 ‚
1838 3151 2031 3180 'canonicatum
2054 3150 2083 3178 in
2106 3147 2232 3178 Ecclesia
2249 3149 2341 3179 nostra
2357 3148 2466 3180 Cathe-
2482 3144 2539 3170 53¹²

1399 3198 1468 3229 drali
1483 3195 1577 3226 Exon.
1596 3194 1641 3224 seu
1658 3190 1833 3222 Praebendam
1847 3188 2071 3227 Refidentiariam
2090 3196 2177 3225 quarn
2201 3196 2291 3223 nuper
2314 3188 2341 3216 in
2363 3189 2464 3218 eadem
2484 3191 2542 3217 7·m

1400 3235 1524 3267 Ecclefia
1542 3233 1640 3263 habuit
1659 3229 1791 3262 tenuit&
1814 3227 1952 3266 poffedit,
1971 3226 2090 3256 dilectus
2104 3225 2203 3255 Nobis
2225 3226 2254 3256 in
2271 3223 2389 3255 Christo
2402 3226 2462 3264 Jo-

1400 3275 1501 3305 hannes
1516 3272 1640 3309 Woltm,
1660 3268 1753 3300 modo
1773 3276 1822 3305 per
1842 3266 2065 3296 Promotionem
2090 3263 2211 3293 e'usdem
2231 3263 2374 3302 Johannis
2398 3265 2464 3295 ulti-

1400 3315 1441 3344 mi
1462 3310 1658 3342 Incumbentis
1675 3307 1783 3337 ibidem
1805 3304 1840 3335 ad
1862 3303 2063 3341 Episcopatum
2113 3311 2177 3331 xon.
2195 3306 2345 3344 vacantem
2367 3304 2401 3333 ὃς
2424 3303 2461 3334 ad

1400 3350 1528 3382 nostram
1548 3348 1762 3382 Donationem,
1787 3345 1896 3374 ratione
1916 3343 1949 3373 &
1965 3343 2028 3379 jure
2048 3340 2250 3383 Praerogativae
2270 3339 2374 3370 nostrae
2396 3340 2459 3371 Re-

1398 3392 1456 3427 giae
1476 3387 1664 3427 speffltntem,
1682 3381 1846 3414 habendum
1865 3381 1899 3412 &c
1915 3379 2070 3410 tenendum
2088 3377 2300 3408 Canonicatum
2319 3378 2364 3409 seu
2379 3378 2458 3410 Prae-

1400 3427 1523 3459 bendarn
1545 3424 1712 3463 praedictam
1737 3420 1986 3456 Residentiatiam‚
2005 3416 2122 3455 praefato
2144 3419 2274 3453 Dregorm
2294 3416 2401 3446 Nicollr
2420 3418 2456 3449 ad

1399 3467 1554 3497 terminum
1568 3463 1643 3493 Vitae
1663 3460 1788 3499 ejusdem
1803 3461 1949 3495 Dregorii‚
1966 3458 2021 3486 una
2043 3465 2115 3498 cum
2131 3453 2307 3492 Residentia,
2326 3456 2360 3486 &
2375 3455 2459 3487 Refi-

1399 3505 1503 3535 deritiae
1517 3501 1674 3532 Fructubus
1689 3499 1722 3529 &
1737 3497 1958 3532 Emolumentis‚
1975 3503 2008 3524 ac
2022 3493 2155 3523 omnibus
2175 3493 2209 3523 δε
2227 3493 2405 3524 omnimodis
2426 3505 2456 3525 a·

1398 3544 1442 3574 liis
1452 3542 1569 3581 Juribus
1583 3537 1803 3569 Praeeminentiis
1822 3536 1855 3565 δε
1871 3533 2049 3564 Pertinentiis
2067 3531 2217 3568 universis,
2235 3533 2265 3561 in
2281 3539 2339 3562 tam
2353 3533 2458 3569 amplis

1400 3581 1491 3612 modo
1510 3579 1603 3609 forma
1620 3579 1681 3616 jure
1701 3576 1734 3606 &
1756 3572 1864 3604 effeetu
1886 3573 1970 3611 quam
1992 3569 2111 3600 eandem
2131 3578 2218 3605 nuper
2245 3569 2343 3600 habuit
2366 3572 2455 3601 tenuit

1400 3621 1433 3651 &
1455 3617 1573 3657 possedit
1595 3615 1723 3655 praefatus
1744 3611 1863 3642 dilectus
1882 3609 1976 3640 noster
1990 3608 2141 3650 'Johannes
2169 3605 2276 3637 Wolton
2296 3616 2361 3638 ante
2380 3608 2453 3638 Pro-

1400 3659 1564 3689 motionem
1576 3678 1585 3694 ,
1602 3662 1648 3685 aut
1671 3652 1765 3682 adhuc
1786 3650 1899 3680 haberet
1921 3647 1941 3678 si
1967 3658 1982 3678 a
1996 3646 2097 3677 Nobis
2115 3655 2176 3676 non
2194 3644 2287 3677 fuisset
2308 3655 2457 3684 promotus

1398 3697 1433 3728 ad
1447 3695 1647 3734 Episcopatum
1663 3690 1754 3720 Exon.

1436 3734 1471 3764 In
1492 3734 1574 3771 cujus
1590 3732 1648 3768 rei,
1665 3730 1726 3760 &c.

1399 3852 1409 3882 l
1424 3852 1429 3858 Π
1469 3810 1557 3842 Teste
1574 3805 1689 3847 Regina
1706 3804 1780 3844 apud
1798 3801 2073 3843 Wstmomsters‘um,
2089 3798 2207 3840 decimo
2225 3799 2332 3833 ottavo
2348 3799 2396 3831 die
2406 3799 2460 3840 Ju⁶

1411 3861 1439 3882 n,
2134 3854 2140 3863 t

1884 3993 1949 4025 Za
2378 3990 2464 4022 Con„-
