2542 4274
790 172 894 213 ET
977 175 1246 217 ACTA
1330 171 1790 221 PUBLICA:

92 253 169 284 Arm.
183 253 224 284 D.
244 268 316 291 vero
329 260 407 296 Regis
421 257 502 296 nostri
515 257 629 286 Henrici
643 256 748 287 Οὲἶανί
762 256 910 290 Vicesimo
922 259 1008 291 sexto.

120 302 206 334 1534·

94 337 157 361 Hm.
180 332 207 362 8.

283 336 413 367 Robertus
428 337 569 372 Swynmer
580 357 590 372 ,
608 332 699 364 Prior.

284 371 435 404 Nicholaus
453 370 540 410 Gffi‚
558 372 706 410 Subprior.

284 411 416 442 Ricardus
429 413 504 449 Tyn,
520 409 581 446 &c.
600 419 629 450 4.

775 449 897 488 Sigillum
919 451 951 481 de
971 455 1040 482 Cera
1061 454 1152 484 rubea.

284 526 392 564 Qiim
408 535 440 556 ea
456 526 488 556 sit
506 537 568 557 non
586 526 678 558 solum
693 526 880 566 Christianae,
899 529 960 559 &c.

284 565 436 595 Noverint
453 565 604 603 Universi,
623 566 685 595 &c.
712 565 804 603 Qiod
821 566 890 597 Nos
911 570 990 598 Prior
1005 572 1106 599 Domus
1116 570 1180 610 five
1202 571 1314 598 Priora-

249 609 295 632 tus
307 606 455 632 Beatorum
471 604 658 645 Apostolorum
673 605 750 633 Petrz
767 603 805 639 &
824 605 907 636 Pauli
922 607 955 636 de
977 607 1119 647 Plympton
1137 609 1170 639 &
1189 607 1315 644 ejusdem

253 642 330 673 Loci
346 646 520 680 Conventus,
536 653 594 672 uno
610 642 691 679 Ore,
710 644 772 673 &c.

286 679 321 711 In
335 690 412 718 cnjus
426 681 693 720 rei,Testim0nium
709 681 777 712 huic
791 681 907 722 Scripto
922 684 1020 715 nostro
1037 684 1207 715 Commune
1229 683 1317 721 Sigil-

248 718 460 796 igffpffgsggum
482 719 668 759 appendimus
690 721 723 752 ἃ
745 721 840 752 nostra
861 724 980 754 nomina
1001 723 1117 761 propria
1139 723 1232 754 Manu
1252 723 1316 753 sub-

284 835 354 866 Dat.
370 836 399 865 in
410 839 495 866 Domo
505 835 595 875 nostra
610 836 765 875 capitulari
777 837 893 874 Quinto
906 836 963 867 Die
978 837 1087 869 Mensis
1102 838 1243 878 Augusti,
1253 838 1313 868 An³

249 883 289 905 no
310 874 418 904 Christi
442 875 601 905 Mille-limo
625 875 865 914 Quingentelimo
887 875 1052 917 Tricesimo
1072 887 1193 917 quarto,
1217 877 1314 916 Regni

187 947 194 957 r
250 922 319 944 vero
331 912 419 952 Regis
431 913 513 954 nostre·
526 916 639 944 Henrici
655 916 760 945 OcJavi
777 914 922 946 vicesimo
936 917 1026 945 sexto.

285 991 432 1030 Johannes
446 995 539 1032 How,
559 994 650 1025 Prior.

287 1031 438 1063 Dominus
453 1032 610 1064 Guilelmus
631 1036 729 1073 Pyres,
748 1033 810 1069 &c.
831 1045 880 1073 19.

729 1109 816 1148 Sigill.
841 1111 874 1140 de
895 1114 962 1141 Cera
985 1112 1079 1141 wricli.

287 1191 395 1230 Quum
408 1199 439 1221 ea
455 1190 486 1220 sit
500 1202 559 1222 non
573 1190 664 1221 solum
680 1189 851 1221 Christianae
869 1191 1046 1230 Religionis,
1065 1193 1125 1223 δίε.

288 1231 437 1261 Noverint
453 1228 606 1268 Universi,
623 1232 682 1260 &c
713 1230 806 1267 Quod
820 1230 886 1260 Nos
898 1231 1028 1260 Ricardus
1046 1233 1123 1260 Prior
1139 1233 1241 1260 Domus
1252 1231 1316 1271 five

247 1271 391 1299 Prioratus
406 1272 503 1298 Beatae
515 1272 616 1298 Mariae
624 1272 739 1304 Virginis
752 1269 892 1298 Lanthon.
901 1269 990 1307 juxta
999 1269 1189 1307 Glouceslriam
1202 1270 1234 1300 &
1245 1271 1314 1307 ejus-

248 1308 315 1376 (ἔξω
331 1308 407 1337 Loci
423 1312 581 1338 Conventus
591 1331 600 1346 ‚
616 1308 726 1338 Ordinis
739 1309 835 1338 Sanlli
850 1308 998 1347 Augustini
1014 1310 1056 1338 W
1057 1312 1142 1346 agorn.
1160 1311 1236 1338 Dioc.
1253 1318 1311 1339 uno

284 1357 313 1378 re
348 1348 409 1377 &c.

287 1371 415 1423 In'cujus
426 1387 465 1414 rei
481 1384 698 1414 Testimonium
714 1384 781 1415 huic
794 1385 909 1422 Scripto
925 1384 1024 1415 nostro
1037 1384 1165 1423 Sigillum
1183 1385 1315 1417 nostrum

248 1424 436 1462 appendimus
460 1424 493 1454 &
519 1424 614 1454 nostra
635 1423 769 1454 Nomina
783 1424 897 1462 propria
918 1423 1035 1462 quisque
1048 1423 1142 1455 Manu
1157 1423 1316 1464 subscripsi-

252 1472 324 1494 mus.

285 1539 353 1569 Dat.
370 1539 398 1567 in
414 1541 499 1567 Domo
513 1537 604 1575 nostra
621 1537 773 1575 Capitulari
789 1537 925 1568 Secundo
941 1537 999 1567 Die
1015 1537 1124 1570 Mensis
1131 1539 1316 1580 Septembris,

248 1576 339 1608 Anno
351 1576 446 1614 Regni
463 1576 551 1614 Regis
567 1575 654 1606 nostri
669 1577 796 1615 praeciicu
807 1576 927 1608 Henrici
942 1576 1054 1609 Octavi
1068 1577 1205 1609 vicesimo
1218 1578 1315 1610 Sexro.

288 1653 419 1684 Ricardos
440 1655 521 1682 Prior
537 1651 695 1690 Lanthony.

283 1690 450 1723 Wllielmus
469 1689 675 1730 Nottyngham,
693 1689 754 1726 &c.
775 1698 824 1720 21.

729 1766 815 1806 Sigill.
833 1768 865 1798 de
883 1771 952 1798 Cera
969 1766 1044 1798 alba.

287 1846 392 1885 Qium
408 1855 439 1876 ea
453 1845 484 1875 fit
499 1855 559 1876 non
572 1845 661 1876 solum
677 1844 850 1876 Christianae
868 1845 1045 1884 Religionis,
1063 1845 1124 1876 &c.

286 1885 436 1916 Noverint
452 1884 604 1921 Universi‚
623 1885 683 1915 &c.
714 1884 806 1922 Qiod
823 1883 891 1913 Nos
903 1884 1034 1913 Ricardus
1046 1884 1194 1913 Ancelmus
1215 1885 1318 1916 Abbas-

248 1923 413 1962 'Monasterii
433 1925 531 1950 Beata·
555 1925 658 1951 Mariae
679 1925 801 1961 Divique
830 1921 955 1950 Kenelmi
976 1925 1052 1957 Regis
1071 1921 1109 1956 ό
1132 1926 1263 1953 Martirz's
1285 1925 1318 1954 de

252 1960 471 2000 Wynchelcomba
487 1960 599 1989 Ordinis
620 1961 715 1989 Sancti
737 1959 878 1990 Benediaeli
902 1961 1071 1997 Wigornien.
1093 1963 1171 1990 Dioc.
1190 1962 1224 1992 δε
1247 1963 1316 2000 ejus-

252 1999 319 2030 dem
337 1999 411 2029 Loci
427 2001 600 2034 Conventus,
622 2007 681 2027 uno
698 1997 777 2035 Ore,
795 1998 858 2028 &c-

291 2037 326 2068 ln
342 2038 420 2074 cujus
434 2037 473 2065 rei
488 2036 706 2067 Testimonium
723 2036 792 2066 huic
807 2035 921 2073 Scripto
939 2035 1039 2067 nostro
1052 2035 1221 2069 Commune
1236 2038 1319 2077 Sigil-

250 2076 310 2107 lum
325 2075 458 2106 nostrum
472 2075 657 2114 appendimus
673 2075 706 2105 &
719 2075 814 2105 nostra
830 2073 964 2106 Nomina
984 2075 1099 2115 propria
1118 2077 1234 2116 quisque
1251 2077 1320 2109 Ma-

251 2125 290 2146 nu
308 2114 525 2152 subscripsimus.

292 2192 359 2223 Dat.
375 2192 405 2222 in
422 2194 509 2221 Domo
526 2190 617 2231 nostra
633 2189 787 2229 Capitulari
800 2190 948 2223 Vicesimo
961 2190 1049 2221 Sexto
1066 2190 1126 2221 Die
1140 2190 1249 2225 Menfis
1258 2193 1320 2226 Au,

249 2231 342 2273 gusti',
364 2230 453 2262 Anno
466 2230 564 2270 Regni
578 2228 666 2269 Regis
681 2232 795 2260 Henrici
808 2230 913 2260 Offavi
929 2229 1074 2262 Vicefimo
1085 2229 1173 2262 sexto.

286 2306 438 2337 Richardus
457 2306 565 2336 Abbas.

283 2345 430 2384 Johannes
442 2345 626 2384 Augustinus,
642 2344 704 2380 &c.
725 2353 774 2384 23.

719 2419 805 2459 Sigill.
822 2421 855 2450 de
874 2423 944 2451 Cera
965 2421 1060 2452 rubea.

287 2499 392 2538 Qnim
407 2509 439 2530 ea
452 2499 484 2530 fit
502 2508 561 2529 non
576 2497 667 2528 solum
682 2496 872 2535 Christianae,
890 2499 954 2533 ὅτε,

281 2537 432 2569 Noverint
451 2536 602 2574 Univerfi,
621 2536 683 2567 &c.
708 2535 801 2574 Qiod
817 2535 885 2566 Nos
898 2538 977 2565 Prior
990 2534 1028 2570 &
1041 2539 1196 2565 Conventus
1212 2539 1314 2566 Domus

237 2575 302 2617 five
319 2579 456 2605 Prioratus
470 2578 567 2605 Beatae
583 2578 686 2604 Mariae
700 2573 739 2608 ό·
757 2577 860 2605 Petroci
875 2574 906 2603 de
922 2574 1059 2613 Bodmyne
1076 2574 1240 2613 &ejusdem
1250 2575 1311 2605 Lo-

247 2615 275 2645 ci
290 2618 444 2644 conventus
455 2637 464 2652 ,
481 2625 541 2645 uno
555 2613 632 2651 Ore,
651 2613 711 2643 &c.

283 2651 317 2684 In
335 2654 414 2691 cujus
435 2652 493 2683 Rei
506 2651 725 2683 Testimonium
740 2650 871 2689 Sigillum
893 2649 1025 2681 nostrum
1045 2650 1215 2682 Commune
1236 2661 1309 2689 prae—

95 2691 117 2712 *
142 2693 225 2720 XIV.
245 2689 365 2721 sentibus
386 2691 574 2728 appendimus
586 2690 606 2710 ³*
621 2691 655 2721 &
670 2688 765 2719 nostra
784 2688 920 2720 Nomina
935 2690 1050 2727 propria
1074 2689 1194 2729 quisque
1218 2690 1313 2722 Manu

96 2739 163 2766 522.

249 2729 464 2769 subscripsimus.

287 2805 356 2838 Dat.
379 2807 408 2836 in
423 2808 510 2835 Domo
524 2803 614 2844 nostra
628 2803 779 2843 Capitulari
795 2803 943 2836 Vicefimo
963 2806 1067 2843 quinto
1090 2805 1151 2836 Die
1172 2805 1312 2847 Augusti,

248 2845 338 2875 Anno
362 2844 484 2874 Domini
507 2843 663 2874 Millelimo
683 2842 925 2881 Quingentesimo
947 2844 1112 2874 Tricefimo
1132 2854 1233 2883 quarto
1246 2869 1256 2886 ,
1281 2848 1315 2879 ὃς

249 2882 348 2923 Regni
361 2882 544 2913 Invifflffimi
559 2881 697 2920 Principis
710 2884 822 2913 Henrici
839 2882 946 2913 octavi
961 2882 1106 2915 Vicesimo
1119 2883 1205 2914 sexto.

284 2960 401 2990 Thomas
415 2959 644 3000 Wandffworth,
662 2959 756 2989 Prior.

287 2997 342 3028 Per
357 3009 405 3028 me
419 2998 579 3036 Johannem
595 3001 701 3038 Symon.

284 3035 342 3068 Per
357 3046 404 3069 me
417 3036 593 3068 Benediclzim
609 3036 721 3077 Smyth‚
738 3034 945 3076 supprimens,
957 3036 1020 3069 &c.
1038 3037 1067 3073 71

711 3111 798 3151 Sigill.
817 3113 849 3142 de
869 3116 937 3143 Cera
959 3111 1054 3142 rubea.

287 3190 396 3228 Qirim
412 3200 444 3220 ea
459 3190 492 3219 sit
506 3200 567 3220 non
582 3190 674 3220 solum
688 3189 878 3229 Christianae,
896 3190 958 3221 &c.

288 3228 439 3259 Noverint
453 3227 607 3266 Univers1‚
626 3229 687 3259 &c.
707 3229 798 3267 Quod
813 3229 883 3260 Nos
898 3230 939 3259 W
941 3227 1066 3258 illielmus
1079 3229 1170 3259 Stocks
1185 3232 1311 3261 Decanus

249 3266 372 3306 Ecclefiae
380 3266 534 3304 Collegiatae
544 3267 576 3296 de
593 3266 796 3305 Irthyngburgh
809 3270 839 3296 in
856 3270 928 3297 Com.
945 3269 1031 3297 Nort.
1048 3267 1173 3298 Lincoln.
1190 3272 1265 3300 Dioc.
1281 3271 1314 3301 &

247 3305 373 3343 ejusdem
387 3305 454 3335 Coll
492 3307 509 3334 ii
524 3304 687 3343 Canonici‚
707 3306 766 3335 uno
782 3304 861 3342 Ore,
878 3307 939 3336 &c.

286 3343 320 3373 ln
335 3344 415 3381 cujus
428 3345 467 3374 rei
513 3343 696 3374 estinionium
712 3344 781 3374 huic
797 3343 913 3382 Scripto
927 3342 1028 3374 nostro
1042 3342 1211 3376 Commune
1227 3346 1311 3386 Sigil-

247 3383 309 3413 lum
325 3382 453 3412 nostrum
469 3383 653 3420 appendimus
666 3382 700 3413 &
715 3381 809 3413 nostra
823 3381 957 3414 Nomina
979 3383 1092 3422 proprisi
1105 3383 1223 3424 quisque
1246 3385 1313 3418 Ma·

248 3432 288 3452 nu
302 3420 520 3459 subscripsimus.

283 3498 343 3529 Dat
370 3498 399 3527 ln
413 3496 525 3534 Collegio
539 3496 625 3536 nostro
633 3498 764 3535 prediolo
777 3497 917 3529 vicesimo
930 3508 1012 3528 nono
1033 3497 1093 3528 Die
1118 3498 1226 3530 Mensis
1247 3500 1310 3532 Au-

245 3537 319 3576 gusti
324 3560 334 3577 ‚
356 3536 443 3567 Anno
457 3535 580 3566 Domini
598 3535 755 3567 Millefimo
770 3536 1009 3576 Qingentefimo
1023 3536 1186 3569 Tricesimo
1199 3548 1309 3578 quarto.

286 3614 342 3646 Per
358 3624 405 3644 me
421 3611 598 3643 Willielmum
611 3613 724 3652 Stokys‚
741 3613 904 3644 Decanum.

284 3653 341 3686 Per
356 3663 404 3684 me
419 3654 568 3682 Henricum
580 3652 674 3691 Byrd,
690 3650 751 3688 &a
769 3661 799 3690 4.

708 3730 829 3768 Sigillum
846 3731 878 3760 de
896 3735 965 3762 cera
984 3733 1074 3763 rubea.

286 3809 390 3847 Qnim
405 3821 437 3841 ea
452 3810 486 3841 fit
498 3821 557 3840 non
570 3809 660 3840 solum
675 3807 845 3838 Christianae
858 3807 924 3838 Rel'
946 3808 1033 3847 ionis,
1052 3810 1112 3841 &c.

283 3847 430 3879 Noverint
442 3849 594 3884 Univerii,
610 3849 672 3878 &e
700 3847 792 3884 Quod
808 3845 880 3876 Nos
893 3850 927 3876 A
945 3847 992 3876 bas
1011 3846 1049 3883 ὠ·
1071 3851 1227 3879 Conventus
1249 3853 1310 3880 Do-

247 3896 304 3915 mus
333 3885 371 3921 &
392 3888 550 3927 Monasterii
575 3887 668 3917 Sanbli
691 3884 865 3922 Dogmalielis
886 3887 1035 3916 Meneven.
1064 3888 1142 3918 Dioc.
1162 3898 1222 3918 uno
1245 3889 1307 3920 Ore

246 3926 316 3991 &ln
333 3962 413 4000 cujus
429 3962 484 3992 Rei
496 3963 714 3995 Testimonium
734 3964 801 3993 huic
819 3962 935 4000 Scripto
957 3961 1055 3992 nostro
1071 3961 1239 3995 Commune
1260 3965 1306 3996 Si-

245 4000 351 4037 gillum
372 4000 502 4031 nOstrum
522 4003 708 4040 appendimus
727 4004 762 4036 &
781 4000 878 4033 nostra
900 3999 1037 4033 Nomina
1059 4003 1170 4041 propria
1191 4003 1308 4043 quisque
1350 4003 1409 4032 lum
1428 4001 1557 4030 nostrum
1573 3999 1758 4037 appendimus
1772 4000 1806 4031 ὃς
1821 3996 1917 4029 nostra

247 4038 342 4072 Manu
355 4038 571 4077 subscripsimus,

2342 209 2360 235 2
2370 209 2393 235 0
2401 207 2423 246 7

1397 252 1511 290 Datum
1524 260 1553 290 in
1565 263 1651 290 Domo
1664 263 1754 306 nostra
1775 267 1925 304 Capitulari
1942 271 2102 306 Tricesimo
2125 275 2185 308 Die
2205 277 2313 309 Mensis
2330 280 2420 320 Julii,
2439 280 2516 310 Arm.
2533 280 2542 311 l

1358 295 1447 328 Anno
1462 298 1586 329 Domini
1599 299 1755 333 Millelimo
1771 303 2012 343 Qingentefimo
2028 313 2190 347 Tricesimo
2206 318 2329 356 Qatto.
2462 328 2537 357 1534

1397 374 1562 406 Willielmus
1575 377 1675 407 Abbas
1694 378 1862 411 Monasterii
1877 382 1975 416 Saniti
1990 386 2165 427 Dogmaelis·
2438 362 2503 387 Hen.
2520 359 2542 384 ὃ.

1396 412 1554 453 Dompnus
1575 419 1654 455 Hugo
1670 419 1765 457 Eyno,
1785 417 1846 454 εὖτ.
1867 429 1896 459 7.

1808 496 1929 535 Sigillum
1952 499 1984 529 de
2004 503 2072 531 Cera
2090 505 2179 536 rubea.

1397 566 1544 614 Quumea
1560 571 1662 602 sitnon
1676 572 1768 603 solum
1787 572 1959 605 Christianae
1974 575 2146 617 Reiioioniq,
2163 583 2221 612 &0

1397 606 1547 640 Noverint
1562 610 1715 654 Univerfi,
1733 611 1794 642 &c.
1819 612 1911 652 Qiod
1927 613 1996 644 Nos
2011 617 2059 644 W·
2074 615 2176 647 lielmus
2193 623 2349 663 Fauntleroy
2368 624 2419 657 Sa&

1359 654 1418 692 crae
1432 646 1604 687 Theologwe
1619 648 1762 680 Profeffor
1778 651 1909 690 Magister
1915 652 1978 691 five
2002 654 2091 692 Custos
2111 655 2217 692 collegii
2239 662 2331 690 Beatae
2351 666 2418 692 Ma-

1359 695 1407 714 rxae
1421 687 1580 715 Sanctorum
1597 686 1703 716 Thomae
1720 691 1850 719 Martirt's
1864 688 1902 724 ὠ
1918 692 2055 721 Edwardi
2075 692 2233 732 Confoffiaris·
2249 698 2278 725 de
2301 701 2421 736 Higham

1359 726 1467 752 Ferrers
1479 725 1511 767 Se
1526 724 1650 769 ejusdcm
1666 725 1741 757 Loci
1754 731 1818 756 Socii
1831 728 1956 761 Lincoln.
1974 733 2050 760 Dioc.
2068 741 2127 762 uno
2144 733 2205 763 Ore
2215 757 2224 772 ,
2243 738 2305 765 δίε.

1398 761 1433 792 In
1448 772 1526 798 culus
1539 773 1579 793 rei
1593 763 1810 795 Testimonium
1824 767 1891 798 huic
1905 767 2020 806 Scripto
2041 773 2140 800 nostro
2155 773 2324 802 Commune
2341 776 2420 813 Sigil-

1360 800 1423 831 lum
1438 801 1568 844 nostrum
1583 803 1767 840 appendimus
1785 805 1817 834 ὃς
1835 805 1929 836 nostra
1943 807 2078 839 Nomina
2092 811 2206 847 propris.
2229 811 2343 851 quisque
2357 814 2424 846 Ma-

1361 849 1400 870 nu
1414 839 1631 878 subscripsimus.

1402 916 1469 947 Dat.
1498 917 1528 946 i'n
1551 916 1749 961 pomona-[ira
1767 919 1919 957 Capitulari
1939 921 2062 953 Ultimo
2080 923 2138 954 Die
2161 924 2268 956 Mensis
2292 926 2412 960 Auousti

1361 954 1450 986 Anno
1467 955 1594 986 Domini
1606 955 1760 988 Milleiimo
1776 958 2016 998 Qingenteiimo
2028 963 2191 995 Tricesimo
2205 975 2314 1004 quarto.
2340 952 2359 968 ³²
2418 953 2426 968 ³

1400 1031 1566 1062 Willielmus
1581 1033 1750 1074 Fauntleroy.

1399 1070 1513 1102 Thomas
1529 1072 1698 1111 Frear‚&c.
1714 1082 1743 1111 4.

1873 1112 1958 1150 Sigill.
1971 1114 2003 1143 de
2016 1117 2085 1145 Cera
2100 1116 2191 1147 rubea.

1401 1188 1504 1226 Quum
1519 1197 1549 1218 ea
1561 1186 1591 1218 sit
1608 1197 1666 1218 non
1680 1187 1774 1219 solum
1790 1187 1960 1220 Christianae
1974 1190 2132 1230 Religionis
2142 1215 2151 1230 ,
2169 1194 2231 1224 &c.

1399 1226 1432 1256 N
1437 1227 1548 1256 overint
1562 1226 1700 1257 Universi
1710 1249 1719 1264 ‚
1740 1228 1801 1258 &o
1829 1227 1919 1264 Quod
1932 1228 1999 1259 Nos
2012 1232 2090 1259 Prior
2105 1230 2143 1266 &
2161 1235 2318 1263 Conventus
2339 1239 2428 1266 Can0.‘

1360 1268 1476 1295 nieorum
1500 1265 1630 1295 Victorini
1651 1265 1759 1294 Ordinis
1782 1269 1923 1295 Minorum
1946 1267 1985 1302 (θ’
2008 1268 2116 1305 Regulae
2137 1273 2210 1300 Divi
2230 1272 2376 1311 Augustini
2393 1276 2425 1304 de

1362 1303 1521 1344 Worspryng
1537 1303 1648 1333 Bathon
1662 1303 1700 1338 &
1716 1303 1826 1334 Wellen.
1846 1307 1923 1335 Dioc.
1942 1316 2000 1336 uno
2015 1307 2095 1344 Ore,
2113 1308 2173 1338 &c.

1400 1342 1433 1372 ln
1449 1343 1527 1380 cujus
1543 1343 1580 1372 rei
1596 1342 1815 1373 Testimonium
1830 1343 1896 1374 huic
1910 1344 2023 1381 Scripto
2040 1346 2139 1376 nostro
2153 1346 2325 1380 Commune
2340 1350 2426 1386 Sigil-

1360 1381 1421 1411 lum
1436 1381 1566 1423 nostrutn
1580 1380 1766 1419 appendimus
1778 1382 1811 1413 ὅ(
1827 1381 1922 1412 nostra
1938 1382 2074 1414 Nomina
2092 1387 2207 1423 propria
2221 1388 2336 1426 quisque
2358 1389 2426 1421 Ma-

1361 1429 1401 1451 nu
1418 1419 1636 1458 subscriplimus.

1400 1497 1512 1529 Datum
1524 1497 1552 1527 in
1570 1499 1656 1527 Domo
1667 1497 1757 1536 nostra
1773 1496 1927 1535 capitulari
1945 1497 2090 1529 Vicesimo
2109 1500 2205 1537 primo
2232 1501 2291 1532 Die
2316 1503 2423 1536 Mensis

1362 1536 1498 1576 Augusti,
1519 1536 1609 1580 Anno
1623 1535 1732 1581 Christi
1744 1535 1899 1579 Millelimo
1914 1536 2152 1581 Qingeutefinio
2165 1539 2328 1571 Tricesimo
2342 1553 2425 1582 quar-

1361 1584 1411 1614 to,
1430 1575 1526 1614 Regni
1541 1584 1609 1606 vero
1624 1573 1713 1614 Regis
1726 1575 1816 1605 nostrl
1832 1573 1955 1606 Henr1c1
1974 1574 2081 1607 Octavi
2099 1576 2243 1608 Vicelimo
2258 1581 2368 1617 quinto.

1400 1651 1531 1682 Robertus
1543 1655 1737 1689 Tormyngton,
1757 1650 1848 1682 Prior.

1401 1690 1547 1728 Johannes
1563 1689 1681 1725 Berche,
1701 1688 1847 1727 Subprior.

1401 1732 1517 1758 Fratrer
1530 1727 1667 1756 Robertus
1681 1726 1748 1756 Coke
1758 1751 1767 1766 ,
1786 1727 1846 1762 <sy-c.
1863 1735 1889 1765 5.

1827 1800 1945 1840 Sigillum
1960 1802 1992 1832 de
2005 1806 2076 1833 Cera
2088 1805 2178 1835 rubea.

1400 1884 1506 1921 Quum
1520 1893 1552 1915 ea
1567 1883 1599 1913 fit
1613 1893 1673 1913 non
1690 1883 1780 1914 solum
1794 1882 1962 1914 Christianae
1978 1884 2153 1924 Religionis,
2171 1886 2234 1917 &c.

1397 1923 1549 1953 Noverint
1564 1921 1717 1961 Univerfi‚
1736 1923 1797 1953 &c.
1824 1921 1915 1961 Qiod
1932 1921 2002 1953 Nos
2024 1924 2124 1953 Abbas
2147 1925 2309 1965 Monasterii
2330 1929 2425 1959 Sana}

1359 1961 1515 1991 Salvatoris
1530 1961 1563 1990 de
1577 1961 1705 1990 Adonen.
1721 1961 1754 1991 &
1768 1960 1891 1997 ejusdem
1909 1960 1983 1991 Loci
1999 1965 2172 2000 conventus,
2193 1974 2251 1993 uno
2267 1964 2345 2002 Ore,
2362 1967 2424 1998 δερ,

1394 1999 1429 2030 In
1447 2001 1526 2037 cujus
1538 1999 1578 2029 rei
1593 1999 1812 2029 Testimonium
1827 1998 1955 2038 Sigillum
1970 1999 2101 2029 nostrum
2118 2000 2288 2032 Commune
2302 2002 2425 2035 Praesen.

1359 2039 1432 2108 tsibus
1444 2037 1628 2076 appendimus
1642 2038 1675 2070 &
1687 2036 1784 2068 nostra
1797 2036 1930 2067 Nomina
1938 2039 2050 2076 propria
2061 2039 2177 2077 quisque
2188 2039 2282 2072 Manu
2290 2041 2423 2081 subscrip-

1374 2086 1456 2108 imus.

1399 2152 1469 2184 Dat.
1483 2153 1514 2183 in
1528 2155 1615 2183 Domo
1628 2152 1718 2192 nostra
1735 2152 1886 2191 Capitulari
1901 2153 2017 2184 decimo
2031 2153 2089 2185 Die
2106 2155 2216 2188 Mensis
2233 2157 2424 2199 Septembris,

1360 2191 1450 2223 Anno
1465 2191 1591 2222 Domini
1609 2191 1764 2222 Millelimo
1783 2191 2025 2229 Qingentesimo
2044 2193 2205 2225 Tricesimo
2221 2206 2337 2235 quarto,
2359 2198 2420 2228 Re-

1360 2232 1409 2270 gni
1424 2240 1494 2261 vero
1509 2229 1692 2261 Invieuffimi
1710 2234 1724 2246 ⁴⁵
1744 2230 1884 2267 Principis
1899 2230 2020 2261 Henrici
2040 2231 2147 2266 O&avi
2164 2234 2308 2266 vicesimo
2320 2236 2407 2267 sexto.
2444 2232 2464 2252 *
2477 2234 2542 2264 XIV

2468 2281 2480 2297 2
2504 2293 2511 2300 .

1398 2307 1455 2338 Per
1472 2316 1519 2336 me
1535 2306 1702 2337 Dominum
1719 2306 1863 2336 Robertum
1877 2307 2030 2337 Abbatem.
2446 2280 2463 2307 5
2487 2281 2499 2308 3

1401 2345 1458 2375 Per
1472 2355 1520 2375 me
1536 2344 1701 2375 Dominum
1716 2346 1867 2383 Rycara'um
1884 2345 1983 2385 Wlls,
2003 2347 2139 2379 Priorem.

1400 2383 1456 2414 Per
1470 2393 1516 2415 me
1529 2382 1695 2414 Dominum
1710 2383 1862 2413 Tolbertum
1876 2386 1996 2423 Harvy,
2014 2384 2074 2420 &a
2092 2397 2121 2425 9.

1876 2461 1962 2498 Sigill.
1987 2461 2020 2490 de
2043 2466 2111 2492 Cera
2126 2463 2217 2494 rubea.

1397 2536 1500 2576 Qum
1513 2544 1544 2566 oa
1560 2534 1592 2566 sit
1609 2545 1669 2566 non
1681 2537 1770 2567 solum
1785 2536 1955 2567 Christianae
1971 2537 2147 2577 Religionis,
2166 2541 2227 2572 &c.

1397 2576 1549 2606 Noverint
1563 2574 1718 2613 Universi‚
1733 2576 1795 2606 &c.
1819 2575 1913 2614 Qod
1935 2575 2004 2605 Nos
2021 2578 2098 2606 Prior
2114 2578 2151 2613 ὠ·
2169 2583 2326 2613 Conventus
2346 2587 2422 2616 Prio-

1359 2614 1437 2644 ratu's
1452 2614 1484 2643 de
1499 2613 1606 2651 Bieslon
1625 2614 1748 2643 Norwic.
1765 2617 1832 2644 Dioc
1860 2624 1918 2644 uno
1935 2614 2015 2652 Ore,
2035 2616 2096 2646 δίε.

1394 2653 1428 2684 In
1445 2654 1524 2683 cu'us
1535 2654 1575 2682 rei
1589 2651 1807 2683 Testimonium
1821 2653 1888 2682 huic
1909 2652 1970 2682 Scri
1992 2662 2023 2683 to
2038 2653 2139 2685 nostro
2156 2655 2324 2690 Commune
2338 2661 2421 2699 Sigil-

1355 2693 1416 2723 lum
1432 2701 1471 2723 no
1499 2699 1562 2721 rum
1580 2690 1764 2729 appendimus
1784 2691 1818 2721 &
1838 2689 1934 2722 nostra
1985 2693 2083 2722 omina
2093 2696 2207 2732 propria
2222 2698 2337 2738 quisque
2353 2700 2419 2732 Ma-

1360 2742 1400 2763 nu
1415 2729 1630 2769 subscripsimus.

1396 2808 1464 2839 Dat.
1479 2808 1507 2837 in
1521 2809 1606 2850 Dorno
1621 2806 1678 2849 nost
1693 2805 1880 2850 raCapitulari
1894 2805 2066 2849 Undecimo
2080 2807 2142 2851 ‘Die‘
2158 2809 2266 2842 Mensis
2287 2812 2418 2854 Augusti,

1360 2848 1449 2880 Anno
1463 2846 1590 2877 Domini
1604 2844 1761 2876 Millelimo
1779 2846 2021 2884 Qingentelimo
2030 2846 2194 2878 Tricesimo
2207 2859 2315 2888 quarto.

1396 2924 1451 2955 Per
1467 2933 1513 2953 me
1527 2921 1691 2952 Richardum
1706 2921 1851 2960 Hoddse'm,
1871 2921 2003 2952 Priorem
2019 2922 2054 2954 de
2069 2923 2199 2956 Beeston.

1396 2963 1450 2995 Per
1465 2971 1512 2993 me
1527 2959 1690 2991 Nicholaum
1705 2960 1851 3000 uodfiarh,
1867 2958 1927 2995 ὠς.
1950 2970 1976 3001 3.

1833 3037 1919 3076 Sigill.
1940 3039 1972 3069 de
1986 3042 2055 3069 Cera
2068 3039 2159 3070 rubea.

1399 3117 1502 3154 Quum
1519 3126 1551 3147 ea
1565 3115 1597 3146 sit
1610 3125 1671 3146 non
1684 3116 1777 3146 solum
1790 3113 1961 3145 Christiana:
1975 3115 2133 3155 Religionis
2142 3139 2151 3155 ‚
2171 3118 2231 3149 ὅτε.

1394 3156 1546 3186 Noverint
1560 3153 1713 3192 Univerfi‚
1731 3155 1790 3183 ὅτε.
1810 3153 1902 3191 QuOd
1913 3154 1981 3184 Nos
1996 3155 2155 3194 Praepofitus
2169 3155 2207 3191 ό
2220 3157 2419 3195 CollegiumEc-

1357 3194 1439 3234 clqfiae
1452 3193 1603 3230 Collegiatae
1616 3193 1709 3221 Sancti
1721 3190 1826 3221 Thomae
1842 3195 1973 3223 Martiris
1991 3192 2023 3221 de
2041 3192 2178 3234 Glasneya
2187 3203 2277 3233 Juxta
2299 3201 2417 3237 Pourin,

1357 3232 1804 3305 unloneiriiiisti‘ieti’Testimonium
1821 3268 1950 3307 Sigillum
1966 3269 2097 3301 nostrum
2111 3272 2297 3311 appendimus
2310 3274 2343 3304 &
2358 3284 2412 3305 no.

1357 3309 1411 3341 stra
1428 3309 1562 3340 Nomina
1577 3308 1691 3347 propria
1705 3308 1820 3347 quisque
1835 3307 1931 3338 Manu
1944 3307 2111 3346 scripsimus.

1394 3386 1464 3417 Dat.
1479 3387 1508 3416 in
1523 3389 1611 3416 Domo
1621 3385 1711 3425 nostra
1726 3385 1878 3424 capitulari
1892 3385 2009 3416 decimo
2023 3384 2152 3422 Septimo
2169 3385 2307 3425 Augusti,
2322 3387 2412 3418 Anno

1356 3425 1481 3456 Domini
1497 3424 1653 3455 Milleiimo
1666 3424 1906 3463 Quingentesimo
1923 3423 2084 3453 Tricefimo
2101 3432 2215 3462 quarto,
2231 3425 2326 3464 Regni
2337 3429 2408 3458 vero

1356 3462 1534 3496 Invietiffimi
1548 3462 1684 3500 Principis
1699 3466 1811 3493 Henrici
1823 3462 1928 3492 oaavi
1944 3460 2087 3492 Vicesimo
2099 3461 2186 3494 sexto.

1392 3539 1517 3579 Jacobus
1532 3538 1654 3577 Gentill,
1670 3539 1850 3579 Praepositus.

1392 3578 1537 3617 Johannes
1549 3577 1709 3617 Thynmowe
1717 3602 1727 3615 ,
1745 3577 1871 3608 Sacrista.

1421 3617 1514 3645 acobus
1531 3614 1667 3653 Treneth,
1682 3615 1856 3646 Canonicus.

1418 3655 1533 3684 ohannes
1544 3654 1673 3683 Knebone
1681 3676 1689 3691 ,
1710 3653 1884 3684 canonicus.

1391 3692 1548 3730 Radulphus
1561 3691 1700 3731 Trelobys,
1717 3691 1892 3724 Canonicus.

1847 3765 1927 3804 Sigill
1948 3765 1981 3796 de
1997 3768 2067 3797 Cera
2084 3768 2174 3798 rubea.

1390 3847 1494 3886 Qirim
1512 3855 1544 3876 ea
1557 3844 1588 3875 fit
1603 3855 1662 3875 non
1682 3845 1772 3876 solum
1785 3843 1954 3875 Christianae
1971 3843 2129 3881 Religionis
2163 3845 2223 3876 &e

1386 3885 1535 3916 Noverint
1551 3882 1703 3922 Univerfi‚
1723 3885 1783 3914 &c.
1810 3882 1903 3918 Quod
1918 3881 1987 3912 Nos
2001 3882 2099 3912 Abbas
2112 3867 2150 3918 ὦ
2166 3887 2321 3915 conventus
2336 3887 2407 3917 Sane?

1352 3926 1390 3955 eli
1405 3924 1546 3963 Johannis
1560 3921 1681 3960 Colceslr.
1696 3922 1819 3951 London.
1833 3923 1910 3949 Dioc.
1927 3930 1986 3951 uno
2001 3920 2079 3959 Ore,
2094 3923 2154 3953 &c.

1389 3962 1423 3993 In
1436 3963 1516 4000 cujus
1532 3962 1570 3990 rei
1581 3960 1803 3990 Testimonium
1815 3959 1880 3989 huic
1896 3958 1957 3989 Scri
1979 3967 2009 3988 to
2028 3960 2125 3990 nostro
2140 3959 2310 3993 Commune
2322 3963 2409 4000 Sigil-

1539 4036 1547 4040 -
1972 3999 2069 4030 omina
2085 3999 2197 4038 propria
2211 4000 2326 4040 quisque
2341 4001 2408 4032 Ma-

1355 4039 1623 4076 nusubscripiimus.

2341 4112 2411 4145 Dat,
