2542 4274
65 223 195 261 Anno

84 267 168 304 1518.

65 311 128 335 Hm.
149 305 178 335 8.

86 2658 104 2676 ¹
114 2658 201 2687 xiil.

91 2696 158 2726 628.

770 132 882 179 ET
967 133 1240 179 ACTA

215 227 303 261 minia
325 235 372 261 aut
395 224 424 257 iri
439 231 543 258 eorum
563 215 740 262 Dampnum
764 224 820 255 sive
833 223 1052 263 Prae-iudicium,
1069 226 1103 256 &
1120 223 1139 254 si
1154 222 1216 267 quis
1234 228 1286 249 eo-

216 278 281 299 rum
293 267 373 298 secus
392 265 491 296 fecerit
503 272 551 294 aut
565 262 758 302 quovismodo
768 265 797 292 in
813 264 984 293 contrarium
1000 269 1217 300 attemptaverit,
1228 267 1280 301 prf)

214 303 429 343 Transgreffore
444 302 526 339 hujus
541 302 690 332 Amicitiae
704 311 737 331 ac
759 300 840 331 Pacis
860 301 1018 331 universalis
1035 302 1181 331 Violatore
1203 306 1283 336 peni-

212 345 257 376 tus
269 344 419 381 habeatur,
439 349 500 371 rato
515 349 648 371 manente
663 341 735 371 inter
752 348 872 370 caeteros
886 339 1022 377 praesentis
1035 338 1188 370 Tractatus
1197 337 1281 368 Con-

211 382 310 414 tractu.

247 417 262 449 I
270 428 293 449 τ
303 427 321 449 E
333 426 380 457 M,
404 416 594 449 Conventum
604 440 614 456 ,
630 416 873 455 Concordatum,
890 417 923 447 &
939 415 1119 447 Conclusum
1135 415 1186 453 est,
1201 413 1282 452 quOd

207 457 298 490 nullus
306 457 501 495 praedic‘i‘orum
517 455 764 495 Cozffoederatorum
780 456 966 492 principaliter
983 454 1220 496 Contrahentiurn
1235 451 1281 483 vel

208 497 240 526 in
259 497 312 527 hac
336 495 411 533 Liga
437 495 738 535 Compreliensorum,
753 494 878 530 aliquem
898 493 1041 523 Vasallum
1058 501 1103 523 aut
1125 492 1279 535 Subditum

207 534 334 571 alterius,
363 534 556 574 cujuscunque
577 534 710 570 Gradus,
729 532 843 570 Status,
862 531 1037 571 Dignitatis,
1054 540 1102 562 aut
1126 531 1280 562 Conditio—

208 574 252 603 nis
267 573 384 616 existat,
404 574 433 603 in
451 572 667 604 Protefflonem
677 596 686 609 ,
696 572 727 601 T
729 572 891 607 uitionem,
908 572 965 600 five
981 570 1191 601 Defensionem
1207 577 1280 613 quoss

209 611 342 642 vismodo
362 611 493 649 inscipiet
514 620 562 642 aut
584 610 763 648 acceptabit,
782 609 828 640 vel
850 610 887 639 ab
909 609 965 639 alio
986 618 1158 648 quocunque
1180 607 1280 644 suscipi

207 658 256 681 aut
270 653 411 688 acceptari
430 650 587 681 consentiet
602 657 647 678 aut
664 649 843 686 procurabit,
864 647 1023 677 inconsulto
1039 648 1072 677 ὃς
1084 656 1144 676 non
1160 645 1279 676 consen-

209 690 297 720 tiente
313 689 450 720 Domino
466 689 546 720 cu'us
559 687 600 718 est
615 687 751 718 Vaffallus
763 694 810 716 aut
827 686 979 723 Subdrtus,
998 695 1052 715 nec
1067 685 1151 716 alicui
1166 685 1212 716 tali
1232 682 1278 714 vel

207 727 346 766 aliquibus
360 728 461 758 talibus
478 726 638 757 confilium
649 748 659 764 ,
670 725 816 757 Auxilium
827 748 837 762 ,
853 724 1061 762 Assistentiam,
1080 724 1125 754 vel
1139 723 1277 766 Favorem

206 766 317 798 directe
338 767 384 797 vel
406 766 542 796 indirecte
567 765 646 796 dabit
668 765 712 796 vel
728 762 869 801 praestabit
882 763 977 793 darive
989 770 1035 792 aut
1053 761 1177 801 praestari
1191 761 1276 792 faciet

208 805 255 836 vel
270 805 443 845 procurabit.

246 842 292 873 IT
301 852 320 874 Ε
329 852 375 881 Μ,
397 842 588 874 Conventum
598 865 607 879 ,
625 840 844 873 Concordatum
853 863 862 878 ,
876 840 910 871 &
927 839 1109 883 Conclusum
1123 838 1182 876 est',
1197 836 1276 882 quod

206 881 316 912 Nullus
331 880 500 920 Principum
517 881 722 918 praedidtorum
739 881 891 919 quicquam
909 888 991 917 aget,
1010 878 1113 917 faciet,
1131 877 1275 921 tradiabit,

206 920 253 950 vel
266 920 460 958 attemptabit,
479 928 527 951 aut
542 920 578 950 ab
591 920 648 950 aliis
663 921 726 960 agi,
741 918 819 956 fieri,
837 917 965 956 tradtari,
986 917 1031 960 vel
1052 924 1210 960 attemptari
1232 915 1276 945 fa-

205 960 266 989 ciet
278 959 423 996 permittet
437 967 486 989 aut
502 959 679 996 consentiet,
696 967 869 997 quocunque
884 957 914 986 in
927 956 997 986 loco
1011 957 1068 986 live
1082 957 1112 986 iri
1129 954 1226 985 Terris
1240 953 1274 984 fi-

205 1006 242 1027 ve
264 996 294 1027 in
317 995 394 1027 Mari
415 997 558 1028 Portubus
585 997 674 1028 Maris
694 997 741 1027 vel
755 996 845 1035 Aquis
859 995 1011 1032 dulcibus,
1040 995 1191 1025 occasione
1206 1001 1274 1031 qua-

205 1044 352 1074 cumque,
369 1036 482 1066 nullum
505 1047 539 1067 ue
552 1035 695 1074 praestabit
710 1035 878 1073 Auxilium,
905 1032 1084 1072 Consilium,
1111 1033 1274 1076 Favorem,

206 1074 250 1105 vel
263 1073 415 1105 Affensum
430 1085 488 1113 quo
516 1099 525 1113 ,
544 1085 594 1113 per
611 1074 707 1105 Alium
724 1074 769 1104 vel
786 1073 868 1104 Alios
886 1073 1089 1111 quoscunque,
1105 1071 1210 1110 aliquid
1226 1069 1274 1117 fiat

203 1121 303 1151 agatur
323 1113 367 1144 vel
388 1122 586 1152 attemptetur,
608 1113 718 1144 directe
731 1112 777 1143 vel
798 1112 956 1149 indirecte,
982 1112 1067 1142 tacite
1082 1111 1127 1141 vel
1140 1109 1274 1147 occulte,

202 1152 235 1181 iri
249 1151 387 1190 Iniuriam
397 1174 407 1190 ,
425 1151 632 1191 Praejudicium
642 1175 651 1190 ,
668 1160 714 1182 aut
730 1152 902 1190 Dampnum
916 1151 1034 1188 alicujus
1049 1149 1218 1180 eorumdem
1243 1158 1273 1177 e-

200 1190 281 1228 jusve
301 1190 461 1221 Haeredum
480 1201 526 1222 aut
543 1190 761 1229 Successorum,
791 1189 979 1228 Regnorum,
1004 1187 1181 1226 Paniarum,
1198 1186 1274 1230 Ter-

203 1238 317 1268 rarum,
336 1229 565 1269 Dominiorum,
585 1229 772 1266 Castrorum,
791 1229 947 1266 Villarum,
964 1225 1275 1264 Territoriorurn,Ci-·

204 1269 340 1305 vitatum,
359 1277 405 1298 aut
423 1267 672 1306 Oppidorum,sic
693 1274 723 1297 ut
742 1267 942 1305 praemittitur,
962 1276 1011 1303 per
1031 1275 1131 1296 eorum
1151 1264 1274 1304 aliquem

205 1305 373 1336 habitorum
394 1314 539 1337 tentorum
558 1315 768 1344 occupatorum
789 1305 834 1337 vel
854 1305 1045 1343 possessorum
1061 1317 1072 1343 3
1096 1303 1142 1334 sed
1162 1301 1275 1341 quibus-

204 1353 318 1389 cunque
338 1345 394 1383 sic,
418 1352 451 1375 ut
470 1346 669 1382 praemittitur,
695 1352 794 1375 contra
812 1344 939 1382 aliquem
959 1353 1060 1374 eorum
1080 1342 1183 1381 aliquid
1203 1341 1276 1372 Mo-

203 1382 353 1421 lientibuS,
370 1384 536 1422 agentibus,
555 1382 758 1422 tractantibus,
775 1383 820 1413 vel
836 1382 1088 1420 attemptantibus,
1106 1381 1177 1412 dieti
1192 1379 1277 1411 Con-

204 1421 337 1453 foederati
364 1422 397 1452 &
415 1432 517 1452 eorum
547 1422 664 1460 quilibet
686 1421 813 1459 expresse
837 1423 871 1452 ὃ(
889 1431 958 1450 cum
977 1420 1082 1451 effestu
1100 1420 1275 1451 contradicet

206 1461 341 1528 renifietgr
361 1459 485 1491 obstabit
503 1461 537 1491 δε
556 1460 802 1498 Impedimentum
825 1459 934 1490 realiter
952 1459 985 1489 &
1011 1467 1150 1498 quantum
1173 1459 1276 1497 poterit

225 1508 263 1529 rae
291 1509 306 1528 a
327 1506 360 1529 it.

202 1507 224 1536 p
243 1535 289 1566 ΙΤ
299 1544 317 1567 Ε
326 1544 354 1565 Μ
363 1558 373 1573 ,
403 1535 609 1574 Conventum,
627 1534 850 1566 Concordatum
861 1536 912 1574 ,δε
926 1535 1105 1567 Conclusum
1118 1534 1159 1565 est
1175 1534 1274 1573 quod,

203 1573 287 1605 dietis
309 1574 452 1605 Amicitiis
473 1575 638 1606 durantibus
659 1597 670 1613 ,
706 1574 796 1605 nullus
810 1575 942 1605 dic't'orum
963 1573 1210 1613 Confoederatorum
1231 1583 1277 1604 aut

206 1613 330 1643 aliorum
344 1621 584 1653 quorumcunque
600 1615 631 1643 in
646 1613 705 1643 hoc
719 1613 858 1644 Tractatu
873 1613 1176 1651 comprehensorum,
1200 1621 1274 1650 quo-

205 1651 354 1689 vismodo,
374 1652 403 1681 in
418 1651 530 1690 Regnis
545 1652 597 1682 suis
610 1660 659 1682 aut
675 1651 780 1682 alicubi
795 1652 947 1689 locorum,
966 1651 1141 1689 favorisabit,
1159 1652 1276 1681 interte-

205 1690 302 1730 nebit,
328 1691 506 1729 receptabir,
531 1700 579 1722 aut
598 1691 747 1729 retinebit,
771 1700 826 1722 nec
853 1701 868 1721 a
887 1689 1013 1721 Subditis
1037 1690 1088 1720 suis
1104 1698 1209 1720 eorum
1226 1689 1276 1719 ali-

205 1730 270 1767 quis
285 1731 438 1768 receptari,
456 1729 616 1768 favorisari,
635 1730 815 1767 interteneri,
841 1737 887 1759 aut
905 1729 1017 1760 retineri
1036 1729 1200 1767 permittet,
1225 1727 1275 1757 ali·-

206 1777 278 1807 quos
297 1767 429 1799 Rebelles
443 1769 500 1800 five
518 1768 681 1800 Proditores
698 1768 735 1798 de
752 1767 886 1798 Crimine
907 1767 993 1799 Laefae
1012 1765 1167 1798 Ma'estatis
1184 1765 1276 1804 suspe-

208 1807 292 1840 dtos,
310 1807 344 1838 &
361 1802 535 1847 Transfugas
551 1817 586 1839 ex
603 1806 729 1838 Subditis
745 1807 861 1845 alicujus
877 1806 1023 1838 distorum
1077 1805 1277 1837 onfoederato-

208 1855 276 1876 rum
288 1845 346 1877 sive
361 1846 663 1885 comprehensorum,
679 1855 735 1876 nec
750 1845 913 1884 hujusmodi
933 1844 1102 1876 Rebellibus
1122 1845 1178 1876 sive
1200 1843 1276 1875 Pro-

207 1884 366 1923 ditoribus,
385 1884 500 1916 Rebelli
521 1886 578 1917 sive
598 1884 763 1924 Proditori,
783 1885 832 1922 qui
854 1886 884 1914 in
906 1884 1031 1923 aliquem
1053 1884 1170 1915 Locum
1191 1883 1275 1914 Obe-

208 1922 323 1954 dientiae
336 1923 480 1955 dictorum
495 1922 769 1955 confoederatorum
784 1924 840 1954 five
860 1922 1143 1962 Comprehensorum
1162 1921 1208 1953 seu
1225 1921 1278 1953 ali·

209 1962 291 2000 cujus
304 1963 478 1993 eorumdem
492 1962 670 1994 declinarunt
692 1962 749 1993 sive
772 1961 994 2000 declinaverint,
1013 1961 1207 2000 quovismodo
1228 1961 1278 1992 da⁴

210 2001 256 2032 bit
270 2000 448 2039 Confilium,
465 2000 624 2038 Favorem,
641 2000 820 2039 Subsidium,
837 2009 884 2031 aut
900 2000 1112 2039 Affistentiam3
1130 2000 1178 2031 fied
1197 1999 1277 2031 Eum

210 2048 257 2071 aut
274 2038 346 2078 Eos,
362 2040 434 2071 intra
448 2039 561 2077 Viginti
576 2038 647 2070 Dies
660 2038 811 2078 postquam
823 2049 874 2078 per
897 2039 1004 2070 Literas
1027 2039 1145 2078 alicujus
1163 2048 1279 2071 eorum-

211 2078 280 2109 dem
289 2100 300 2116 ,
307 2079 386 2117 cujus
394 2076 521 2110 Rebellis
528 2086 577 2111 aut
583 2077 716 2109 Rebelles
721 2078 855 2109 Subditus
861 2086 908 2108 aut
916 2078 1027 2108 Subditi
1036 2079 1156 2109 extiterit
1165 2078 1222 2109 sive
1230 2080 1280 2109 eir⁴

213 2117 321 2148 titeririt
331 2117 445 2155 (quibus
460 2116 563 2147 Literis
578 2115 779 2147 certificatoriis
786 2116 866 2155 super
880 2116 939 2147 hoc
952 2117 1078 2147 omnino
1089 2117 1217 2155 stabitur)
1232 2117 1280 2147 ali-

213 2156 278 2196 quis
284 2165 384 2187 eorum
392 2155 534 2193 requisitus
547 2154 629 2185 fuerit
643 2153 720 2185 Eum
728 2154 773 2185 vel
782 2154 841 2185 Eos
850 2155 1026 2193 ,Literarum
1041 2155 1205 2194 hujusmodi
1220 2154 1282 2186 Re-

213 2194 411 2233 quisitionibus
429 2194 545 2231 Latori,
567 2200 613 2223 aut
629 2192 675 2222 alii
693 2192 728 2222 ad
751 2192 810 2222 hoc
828 2194 859 2222 in
877 2191 1036 2230 hujusmodi
1062 2194 1167 2225 Literis
1184 2195 1284 2225 norni-

214 2240 284 2264 nato
301 2232 357 2263 five
375 2232 527 2272 deputato,
543 2230 632 2261 tradet
646 2229 770 2261 restituet
792 2231 826 2260 &
840 2230 1024 2269 deliberabit,
1040 2231 1153 2265 ,tradive
1178 2231 1285 2263 restitui

213 2272 248 2302 &
267 2271 414 2301 deliberari
430 2270 524 2301 faciet.

254 2308 300 2339 lT
310 2318 328 2339 ε,
339 2316 368 2339 Μ
381 2330 391 2346 ,
407 2307 614 2345 Conventum,
633 2306 871 2344 Concordatum,
887 2308 922 2338 &
937 2306 1121 2338 Conclusum
1136 2307 1196 2346 est,
1222 2306 1286 2339 uod

214 2348 246 2380 in
262 2346 389 2386 praesenti
404 2346 546 2378 Tractatu
564 2344 646 2375 Pacis
673 2346 707 2375 ὃς
725 2344 875 2374 Amicitiae
898 2346 1180 2382 comprehendantur
1229 2348 1286 2377 mi-

214 2386 244 2417 ci
254 2407 263 2423 ,
283 2384 472 2455 Alligatdi-,h&
488 2382 695 2414 Confoederati
711 2383 847 2413 omnium
867 2382 995 2415 Partiutn
1019 2381 1215 2423 subsequenter
1230 2393 1285 2415 rio-

215 2425 337 2462 minati,
355 2424 384 2455 vi
405 2434 420 2455 e
433 2424 498 2461 cet,

991 2453 1007 2464 ,1-

250 2500 297 2533 Ex
313 2500 395 2532 Parte
410 2502 488 2539 Regis
506 2492 738 2541 christianiffimi,

262 2582 345 2621 Reges
368 2581 409 2618 ὠ·
433 2584 531 2623 ‚Regna
556 2580 664 2613 Scotiae
679 2602 690 2619 ,
722 2578 899 2619 Portugaliae
922 2584 933 2621 3
970 2577 1131 2621 Ungariae3
1169 2580 1287 2615 Navar-

217 2628 257 2653 1*ae

259 2644 278 2682 ’³‘
296 2662 366 2690 Dux
384 2657 549 2695 Sabaudiae,

257 2700 329 2729 Dux
349 2697 564 2735 Lotboringiae,

261 2739 333 2767 Dux
347 2735 386 2771 ὠ
402 2737 559 2766 Dominium
574 2733 772 2773 Venetorum,

263 2777 423 2806 Dominium
454 2773 685 2805 Florentinorum
718 2774 753 2804 ὃς
783 2772 936 2813 Magnifica
977 2775 1081 2805 Domus
1113 2773 1152 2806 de
1186 2774 1288 2809 Medi.

222 2822 267 2848 cis
473 2847 477 2851 ,

258 2837 329 2885 fiux
348 2849 477 2889 Urbini,

259 2895 330 2924 Dux
347 2890 512 2928 Gueldriae,

260 2934 333 2962 Dux
348 2929 496 2967 Ferrariae,

260 2967 390 3000 marchia
406 2965 558 3004 Mantuae,

263 3006 395 3037 Marchio
413 3004 638 3044 Montisferrati,

265 3044 395 3075 Marchiv
409 3043 577 3074 Salutiarum
585 3066 596 3082 ,

262 3082 303 3115 Et
319 3085 430 3112 Domini
445 3081 587 3120 Helvetii,
1020 3116 1023 3118 .

262 3121 432 3158 Eorumque
448 3119 587 3151 Dominia
604 3119 706 3151 Terrae
719 3118 753 3151 &
771 3118 884 3151 Subditi
899 3119 1186 3160 comprehenduntur.

269 3196 330 3230 Pro
349 3195 434 3228 Parte
447 3197 519 3228 vero
533 3199 612 3234 Regis
626 3195 758 3236 Angliae,

268 3276 352 3312 Reges
371 3272 410 3308 ὠ,
426 3276 519 3312 Regna
534 3273 654 3311 Daciae,
668 3272 826 3312 Ungariae,
842 3272 1030 3314 Portugaliae,

225 3309 456 3386 Alithst‘iffima
471 3312 602 3343 Domina
625 3314 792 3349 Margareta
808 3312 988 3351 Imperatoris
1006 3312 1076 3346 Filia
1095 3312 1297 3350 Archiduciffa

259 3362 278 3383 u
304 3359 368 3389 riae,

267 3389 455 3421 ferdinandus
469 3388 668 3427 Hispaniarum
681 3388 774 3426 Regis
787 3389 882 3421 Frater
890 3413 900 3428 ‚

267 3430 339 3460 Dux
356 3427 394 3462 ὠ·
409 3429 564 3458 Dominium
575 3428 770 3465 Venetorum,

225 3491 227 3493 v
267 3469 339 3499 Dux
356 3466 485 3503 Urbini,

269 3503 392 3537 Cleven.
410 3504 589 3543 &juliacert
608 3507 711 3543 Duces,

268 3543 423 3584 Magnifica
442 3547 547 3573 Domus
563 3543 595 3573 de
616 3544 730 3573 Medicis
748 3542 787 3578 ὠ
806 3546 965 3576 Dominium
976 3543 1213 3586 Florentinorum;

268 3586 339 3616 Dux
357 3584 486 3615 ferrariae

269 3625 454 3662 Communitas
467 3606 505 3656 (ὦ
520 3624 636 3651 societas
654 3620 758 3652 Hansae
771 3620 943 3654 Teutonicae
952 3646 962 3663 ,

271 3664 387 3693 Domini
401 3660 529 3691 Helvetii
538 3660 601 3700 five
614 3660 763 3700 Suetenfis.

269 3699 402 3739 ITEM,
421 3698 628 3737 Convenrum,
647 3698 886 3738 Concordatum,
904 3700 937 3731 &
953 3696 1130 3732 Conclusum
1152 3700 1194 3733 est
1236 3703 1297 3735 uod

233 3736 472 3779 §Varistiamffimus
486 3742 620 3768 Dominus
635 3738 740 3776 noller,
757 3739 828 3769 intra
842 3739 975 3775 Quatuor
990 3738 1103 3770 Menses
1125 3740 1191 3778 post
1241 3744 1296 3773 oti·

237 3775 404 3808 ficationem
418 3777 474 3809 suae
491 3777 640 3808 sanctitati
655 3777 778 3813 factam,
802 3777 821 3806 si
842 3777 910 3807 velit
933 3786 985 3816 pro
1004 3779 1191 3817 principaliter
1211 3779 1297 3811 Con-

239 3816 366 3846 trahente
377 3816 493 3854 haberi,
513 3817 674 3854 tenebitur,
693 3826 740 3854 per
756 3815 846 3846 Bullas
861 3815 919 3845 suas
934 3815 1168 3848 Confirmatorias
1190 3818 1223 3849 &
1239 3819 1297 3851 Ra-

239 3853 413 3885 tifficatorias
426 3855 564 3892 praeientis
580 3854 726 3894 Foederis,
743 3854 883 3884 declarare
895 3854 921 3884 se
936 3855 1007 3885 velle
1017 3863 1164 3893 acceptare
1177 3858 1296 3895 praesen-

239 3897 302 3920 tem
315 3893 501 3931 Tractatum,
518 3895 551 3924 &
565 3893 602 3923 Se
616 3894 651 3923 ad
668 3894 768 3924 omnia
784 3894 818 3924 ὃ(
836 3892 940 3932 singula
960 3894 989 3923 in
1005 3893 1062 3923 hoc
1087 3894 1210 3926 Foedere
1224 3907 1298 3928 cori-

242 3935 319 3959 tenta
341 3932 466 3967 quatinus
487 3932 673 3963 Sandiitatern
696 3932 772 3962 suam
794 3941 974 3963 concernunt
993 3931 1139 3973 obligare,
1170 3935 1204 3966 &
1227 3944 1298 3968 tunc

242 3964 466 4011 Conftederatos
479 3970 540 4001 suos
555 3972 704 4001 nominare
721 3969 802 4008 poffit
814 3971 848 4001 &
865 3970 970 4001 valeat:
989 3971 1023 4001 &
1038 3972 1057 4001 si
1072 3973 1131 4008 quis
1146 3972 1300 4012 Alius,pr0

242 4007 434 4043 principaliter
448 4009 631 4041 contrahente
649 4012 681 4040 in
697 4009 823 4047 praesenti
838 4009 976 4041 Tradtatu
998 4008 1192 4048 Nominatus,
1212 4013 1302 4045 Man-

241 4044 342 4079 datum
363 4043 506 4078 sufficiens
522 4048 559 4080 ad
582 4048 770 4089 principaliter
799 4047 1031 4080 contrahendum
1056 4049 1087 4080 in
1106 4049 1302 4085 Conclusione

1327 128 1754 181 Ptin-LicA.
2309 157 2389 198 149

1326 219 1466 254 Pl‘aesesstis
1480 219 1634 251 Tradstatfis
1650 223 1678 251 in
1696 222 1800 266 Regno
1826 225 1938 268 Angliae
1959 238 2018 259 non
2040 230 2294 269 habuerim-tunc,
2315 230 2387 261 infra
2412 226 2542 262 Ann.D.

1326 256 1458 294 Quiittior
1475 258 1590 302 Menses
1603 259 1665 303 post
1681 261 1923 304 Notiiicationem
1940 267 2097 304 hujusmodi
2112 268 2267 300 Tractatus
2282 270 2332 299 sibi
2347 269 2389 299 fa·
2430 269 2515 304 1518-

1324 296 1400 325 <St-am
1419 300 1553 336 proximo
1567 299 1601 328 ὃς
1618 300 1782 329 immediate
1804 305 1961 341 ieqtienteS,
1980 313 2101 336 teneatur
2127 318 2176 347 pei·
2201 309 2308 338 Literas
2331 307 2388 338 suas
2410 309 2468 333 Heu,
2490 308 2518 334 ⁸-

1325 332 1470 379 Pateiites,
1494 335 1607 383 Magnq
1625 337 1674 366 suo
1695 338 1796 373 Sigillo
1822 340 1944 377 sigillatas
1965 343 1998 372 ὃς
2022 343 2115 375 Manu
2139 347 2183 377 susi
2207 347 2386 386 iubicriptas,

1321 376 1459 409 przeientis
1474 374 1626 405 Tractatus
1640 386 1673 405 ac
1691 378 1825 406 omnium
1839 379 1872 407 &
1889 379 2063 415 singulorum
2079 383 2273 415 Articulorum
2290 387 2318 414 in
2333 395 2385 414 eo-

1321 411 1386 440 dem
1412 423 1629 451 contentorum,
1654 416 1780 452 quatinus
1800 415 1895 452 ipsum
1916 425 2115 457 concernunt,
2141 423 2326 454 iuitificatorias
2350 424 2385 454 ὃς

1321 448 1563 490 confirmatorias,
1579 463 1612 483 ac
1627 463 1677 490 per
1694 453 1848 484 Oratorem
1866 454 1911 483 vel
1925 454 2060 485 Oratores
2074 457 2258 492 sufficientem
2274 462 2307 493 ad
2325 463 2383 492 lioc

1323 488 1529 521 Auctoritatem
1544 492 1696 521 habentem
1715 492 1760 522 vel
1777 492 1912 522 habentes
1926 493 2071 523 tradendas
2084 497 2116 525 δε
2136 497 2287 531 liberandas
2323 503 2385 538 qui-

1320 526 1372 570 bus
1387 528 1423 569 Se
1441 529 1474 559 ad
1491 529 1709 560 Observantiam
1723 530 1795 561 dieti
1809 529 1978 569 Tradimus,
1999 532 2085 561 etiam
2099 533 2264 570 ‚iuramento
2279 524 2384 577 ἀπρο-

1321 564 1369 594 rali
1383 568 1462 605 super
1485 567 1542 598 hoc
1565 568 1740 607 praestando,
1759 569 1796 599 Se
1819 569 1957 608 obligabit
1981 571 2014 600 &c
2029 570 2175 610 astringet,
2194 578 2330 613 requirere
2349 580 2384 609 ὃς

1318 612 1420 646 rogare
1435 606 1526 636 dictos
1543 609 1665 636 Franciae
1681 606 1719 641 &
1736 607 1851 645 Angliae
1865 611 1948 644 Reges
1965 609 1998 640 ὃς
2013 618 2116 638 eorum
2143 620 2290 652 utrumqut¹
2307 618 2385 653 prin-

1319 641 1445 685 cipaliter
1472 646 1669 677 contrahentes
1700 647 1781 683 quod
1802 656 1862 685 pro
1884 647 2072 686 principaliter
2101 650 2283 681 contrahente
2314 656 2385 684 reci—

1317 689 1406 724 piatur
1419 692 1582 720 acceptetur
1597 687 1767 723 gaudeatque
1781 686 1810 715 in
1825 686 1883 716 tam
1900 687 1999 723 amplis
2016 686 2106 715 modo
2121 687 2154 716 &
2181 688 2274 719 fornia
2298 691 2386 722 Bene.

1320 718 1390 749 ficio
1405 721 1544 759 praesentis
1557 721 1767 759 Ti·a6tattis,ac
1784 724 1803 754 si
1818 725 1847 754 in
1861 723 2060 755 conclusione
2075 724 2145 754 dieti
2156 724 2283 756 Foede-ris
2300 730 2386 760 Man-

1317 757 1415 788 datum
1438 769 1473 803 ex
1496 759 1579 791 Parte
1592 762 1659 799 ejus
1680 761 1815 801 affuisset,
1837 761 1980 803 alioquin,
1997 763 2017 793 si
2040 764 2111 793 intra
2138 763 2232 794 dietos
2254 766 2385 803 Quattuor

1317 795 1432 827 Menses
1447 797 1492 835 id,
1510 807 1542 830 ut
1558 801 1757 839 praemittitur,
1779 812 1841 831 non
1856 801 1974 838 fecerit,
1993 801 2199 832 tantummodo
2223 813 2275 840 pro
2293 804 2386 835 Com-

1315 835 1453 873 prehenso
1480 837 1514 867 &
1543 848 1601 867 non
1624 839 1817 877 principaliter
1849 839 2047 871 Contrahente
2071 850 2122 878 per
2142 849 2260 871 caeteros
2290 854 2387 875 ornnes

1316 872 1544 906 confoederatos
1559 877 1751 915 principaliter
1767 877 1979 910 Contrahentes
2002 880 2074 916 (rato
2090 888 2223 910 manente
2236 881 2309 911 inter
2326 884 2387 912 eos-

1314 911 1383 943 dem
1407 913 1548 951 peaesentis
1567 915 1719 946 Tractatsis
1742 917 1905 954 contractu)
1935 917 2069 948 habeatur
2091 918 2124 948 &
2149 926 2309 957 reputetur,
2326 930 2386 951 non

1313 950 1441 983 obstante
1453 953 1533 991 quod
1550 963 1603 991 pro
1619 954 1811 992 principaliter
1828 953 2024 988 Contraliente
2047 956 2169 996 superius
2183 956 2268 989 fuerit
2289 960 2386 989 nomi-

1311 998 1401 1021 natus.

1355 1027 1403 1074 Ii·
1414 1039 1432 1060 r:
1445 1039 1491 1074 M,
1510 1029 1721 1069 Conventum,
1739 1030 1978 1072 Concordatum,
1997 1032 2031 1065 ὃς
2045 1032 2224 1064 Conclusum
2239 1034 2290 1073 est,
2305 1035 2387 1074 quod

1314 1077 1331 1097 a
1354 1069 1572 1108 quibuscunque
1595 1070 1777 1101 Tractatitius
1805 1072 1880 1102 inter
1909 1072 2017 1110 aliquos
2037 1071 2316 1104 Confoederatorum
2339 1075 2385 1105 vel

1314 1102 1602 1145 Comprehensorum
1619 1109 1823 1147 praedietorum
1840 1118 1906 1141 ante
1921 1109 2030 1142 Daram
2053 1110 2237 1142 Praesentium
2254 1113 2329 1142 initis
2341 1120 2388 1144 aut

1313 1146 1455 1187 conclusis
1467 1170 1477 1186 ,
1497 1147 1575 1179 nullo
1615 1148 1680 1178 atsto
1702 1149 1735 1178 sit
1749 1157 1798 1179 aut
1811 1149 1940 1181 videatur
1953 1159 2003 1187 per
2032 1150 2201 1187 praesentem
2218 1150 2388 1182 Trasiatum

1313 1182 1470 1216 Recessum
1484 1195 1529 1217 aut
1545 1187 1588 1216 eis
1604 1196 1650 1216 em
1665 1187 1759 1226 aliquo
1776 1188 1869 1218 modo
1885 1186 2068 1225 Derogatum
2079 1199 2089 1227 3
2101 1188 2145 1219 sed
2163 1189 2244 1226 quod
2255 1190 2386 1229 praedicti

1312 1221 1465 1266 Tradtatus
1485 1234 1588 1255 ornnes
1603 1226 1637 1257 &
1652 1225 1754 1263 singuli
1770 1236 1804 1258 ac
1817 1227 1920 1258 omnia
1936 1234 2071 1258 contenta
2090 1228 2120 1257 in
2140 1228 2260 1266 elidem,
2277 1239 2310 1260 ac
2334 1229 2389 1260 flu-¹

1314 1261 1373 1305 guli
1389 1272 1491 1307 eorum
1508 1263 1629 1294 Articuli
1643 1265 1715 1294 inter
1730 1264 1843 1304 Partes,
1862 1267 1935 1296 inter
1949 1275 2016 1304 quas
2028 1266 2156 1297 conclusi
2174 1268 2301 1305 fuerunt,
2317 1277 2390 1308 qua-

1315 1308 1388 1331 tinus
1407 1301 1475 1332 huic
1489 1301 1640 1334 Tradatui
1654 1311 1702 1334 aut
1718 1303 1801 1335 alicui
1819 1304 1951 1335 Articulo
1967 1304 2093 1343 ejusdem
2118 1315 2180 1336 non
2197 1306 2259 1336 sunt
2275 1315 2388 1337 contra-

1314 1339 1364 1375 rii,
1381 1340 1411 1370 in
1425 1340 1475 1371 suo
1491 1341 1578 1379 pleno
1594 1351 1774 1381 permaneant
1790 1342 1952 1374 Robore&
1966 1342 2094 1374 Effectu.

1349 1377 1363 1407 Ι
1372 1386 1395 1408 τ
1406 1388 1424 1408 E
1435 1388 1462 1410 M
1472 1402 1482 1417 ,
1501 1378 1690 1411 Conventum
1700 1403 1709 1419 ,
1726 1380 1951 1412 Concordatum
1984 1382 2017 1413 ὃ(
2033 1381 2213 1413 Conclusum
2230 1382 2289 1421 est,
2325 1382 2388 1414 uod

1314 1418 1451 1448 omnibus
1464 1420 1499 1450 &
1516 1419 1627 1458 singulis
1641 1419 1701 1450 aliis
1716 1418 1896 1458 Principibus
1911 1430 1943 1450 ac
1954 1403 2087 1458 Regibus
2102 1422 2136 1452 &
2152 1421 2292 1452 Dominis
2325 1431 2386 1453 atur

1315 1456 1350 1487 &
1371 1457 1540 1488 conceditur
1563 1457 1661 1489 Locus
1685 1468 1829 1496 congruus
1846 1461 1880 1491 ὃς
1896 1458 2059 1490 condecens
2080 1459 2200 1490 intrandi

1317 1493 1426 1531 Ligam
1450 1497 1485 1527 &
1506 1495 1817 1535 confoederationem,
1841 1497 2006 1528 dummodo
2030 1499 2102 1529 intra
2119 1497 2203 1529 Otto
2241 1459 2386 1491 raesentem

1315 1533 1425 1571 ingredi
1444 1534 1554 1565 dictam
1571 1535 1675 1574 Ligam
1691 1544 1839 1573 acceptare
1854 1537 1886 1567 δί
1903 1536 2003 1567 intrare
2015 1537 2106 1574 velle,
2124 1546 2175 1574 per
2196 1499 2388 1569 Liteerxaissessusats⁸

1314 1569 1444 1602 Parentes
1463 1571 1582 1612 Magnis
1609 1575 1662 1604 suis
1676 1573 1783 1612 Sigillis
1802 1575 1930 1612 sigillatas
1953 1576 1986 1605 ὃς
2005 1573 2144 1606 Manibus
2157 1577 2209 1606 suis
2225 1576 2390 1615 subscriptas

1315 1609 1536 1649 declaraverint,
1554 1622 1669 1643 necnon
1683 1622 1733 1650 per
1749 1613 1878 1651 easdem,
1896 1613 1932 1644 ad
1947 1612 2167 1644 observantiam
2192 1614 2279 1645 diei-ze
2301 1615 2388 1653 Ligae

1317 1648 1352 1679 δε
1366 1648 1387 1679 F
1389 1648 1493 1680 oederis
1508 1660 1542 1680 ac
1556 1652 1689 1694 omnium
1703 1652 1737 1682 &
1751 1652 1929 1689 singulorum
1939 1651 2137 1684 Articulorum
2151 1653 2182 1683 in
2197 1653 2296 1684 eadem
2313 1663 2388 1685 con-

1315 1694 1479 1726 tentorum,
1496 1696 1625 1728 quatinus
1644 1699 1695 1719 eos
1715 1698 1895 1721 concernunt
1916 1698 1962 1721 aut
1985 1700 2161 1722 concernere
2184 1700 2334 1730 poterunt,
2360 1692 2389 1723 se

1316 1726 1426 1756 realiter
1445 1727 1480 1758 &
1501 1736 1573 1758 cum
1595 1726 1701 1759 effeEiu
1722 1728 1779 1759 obli
1801 1729 1935 1766 averint3
1960 1728 1994 1759 &
2029 1730 2090 1760 uod
2109 1729 2181 1759 dieti
2197 1731 2389 1768 principaliter

1317 1762 1527 1796 Contrahentes
1541 1767 1712 1798 tenebuntur
1725 1767 1762 1798 de
1804 1767 1891 1799 ndere
1904 1766 2000 1798 dictos
2047 1777 2129 1806 egeS,
2147 1768 2246 1799 Princi
2269 1779 2314 1807 eS‚
2330 1770 2390 1801 Po-

1316 1810 1453 1842 tentatus,
1480 1806 1514 1837 &
1536 1802 1697 1844 Dominia,
1723 1815 1757 1837 ac
1779 1816 1883 1837 omnes
1905 1806 1997 1837 alii&
2012 1806 2112 1844 singuli
2128 1807 2158 1837 in
2173 1807 2231 1838 hoc
2286 1808 2392 1840 radiatu

1319 1841 1532 1883 Comprehenfi
1562 1845 1732 1876 tenebuntur
1763 1844 1825 1876 tarn
1849 1844 1942 1876 dictos
1971 1845 2161 1885 principaliter
2185 1844 2394 1878 Contrahentes

1337 1881 1532 1927 uam-Seipsos
1549 1886 1653 1915 mutuo
1670 1883 1840 1923 defendere,
1859 1883 2029 1925 Sumptibus
2043 1891 2158 1918 tamen,
2178 1892 2208 1916 ut
2222 1885 2392 1925 praefertur,

1349 1929 1500 1958 equu'entls
1516 1922 1575 1957 five
1588 1921 1825 1961 Requirentium.

1318 1996 1322 2000 ν
1356 1957 1404 1990 Ιτ
1416 1968 1435 1990 a
1444 1967 1471 1989 M
1480 1970 1501 1998 ,’
1509 1960 1581 1992 curn
1596 1962 1706 1999 praefati
1722 1960 1977 1993 Christianiffimus
1991 1964 2115 1992 Franciae
2127 1963 2162 1994 &
2176 1961 2390 1994 potentissimus

1318 1997 1434 2036 Angliae
1448 2001 1547 2038 Reges,
1564 1999 1649 2037 hujus
1664 2000 1779 2031 Sandiae
1796 2000 1881 2038 Ligae
1896 2001 1931 2031 &
1946 1999 2212 2032 confoederationis
2224 2002 2311 2039 primi
2327 2002 2390 2033 Au-

1318 2037 1429 2081 ctores,
1444 2037 1509 2068 Sese
1521 2038 1709 2070 indissolubili
1722 2038 1852 2077 quodam
1861 2038 2016 2070 Affinitatis
2028 2039 2149 2071 vinculo
2163 2042 2302 2078 perpetuo
2317 2051 2389 2072 con-

1314 2083 1476 2118 junxerint,
1495 2075 1517 2097 ⁵*
1533 2075 1724 2109 Conventum
1737 2079 1772 2110 &
1785 2076 2008 2114 Concordatum
2020 2076 2064 2109 est
2076 2079 2150 2109 inter
2163 2078 2276 2110 eosdem
2286 2102 2296 2118 ,
2309 2079 2387 2118 quod

1319 2113 1388 2158 licet
1410 2114 1482 2145 inter
1504 2123 1609 2147 caetera
1632 2117 1661 2147 in
1675 2116 1804 2155 praesenti
1823 2115 1963 2148 Traeiatu
1977 2118 2159 2148 contineatur
2174 2118 2253 2156 quod
2272 2119 2389 2157 quilibet

1321 2153 1513 2192 principaliter
1525 2153 1709 2186 Contrahens
1725 2156 1757 2186 in
1773 2153 1896 2187 Persona
1910 2155 2038 2193 sua,sive
2053 2165 2104 2194 per
2116 2155 2294 2195 Deputatum
2309 2157 2390 2187 suum

1322 2200 1518 2224 communem
1535 2193 1666 2225 Hostem
1680 2194 1755 2233 ipsos
1767 2202 1816 2225 aut
1829 2203 1929 2225 eorum
1943 2194 2065 2234 aliquem
2087 2195 2269 2227 invadentem
2284 2203 2331 2226 aut
2345 2196 2390 2226 iri-

1323 2229 1428 2273 vadere
1442 2239 1646 2268 procurantem
1684 2242 1756 2263 cum
1771 2242 1804 2263 ea
1818 2233 1967 2270 Potentia,
1984 2233 2044 2263 tam
2057 2232 2199 2263 Terrestri
2221 2235 2308 2272 quam
2324 2233 2391 2266 Na-

1320 2267 1378 2298 vali
1392 2276 1478 2306 prout
1488 2269 1612 2306 superius
1625 2281 1642 2301 e
1681 2270 1835 2310 descripta,
1852 2271 1904 2301 suis
1918 2271 2039 2308 propriis
2056 2270 2190 2310 Expensis
2202 2272 2333 2304 invadere
2347 2281 2391 2304 te*—

1322 2313 1420 2336 neatur
1435 2316 1495 2337 uno
1509 2307 1592 2338 simul
1607 2309 1640 2340 &
1654 2308 1758 2340 eodem
1775 2308 1945 2346 Contextu3
1962 2308 2076 2340 Praefati
2090 2319 2187 2341 tamen
2209 2313 2332 2342 Franciae
2347 2312 2387 2348 ὠ·

1324 2343 1438 2382 Angliae
1458 2348 1558 2384 Reges,
1582 2355 1635 2385 pro
1659 2346 1849 2378 Deffenfione
1870 2347 2077 2387 Personarum,
2102 2348 2251 2388 Statuum,
2269 2349 2391 2390 Regno-

1325 2391 1391 2412 rum
1400 2404 1414 2427 ,⁵
1426 2383 1603 2423 Pati-iarum,
1620 2385 1836 2417 Dominiorum
1851 2386 1984 2424 suorum,
2002 2395 2053 2426 per
2072 2396 2122 2417 eos
2141 2396 2189 2418 aut
2210 2398 2309 2419 eorum
2323 2390 2390 2421 alte-

1325 2429 1391 2451 rurn
1405 2423 1648 2460 inpraesentiarum
1668 2424 1834 2462 ubicunque
1849 2424 2058 2462 possessorum,
2075 2426 2106 2455 in
2119 2425 2247 2457 Personis
2280 2431 2392 2468 ropriis,

1325 2468 1396 2489 cum
1415 2467 1491 2491 tanta
1504 2461 1640 2492 Peditum
1655 2464 1690 2494 &
1709 2461 1849 2500 Equitum
1868 2462 1962 2492 Manu
1979 2473 2014 2494 ac
2032 2463 2163 2494 Navium
2181 2465 2247 2496 Cla-
2261 2476 2276 2496 e
2302 2477 2392 2505 quan-

1325 2505 1354 2528 ta
1376 2497 1411 2528 &
1451 2499 1680 2531 uemadmodurn
1701 2498 1826 2538 superius
1845 2499 1887 2531 est
1900 2500 2054 2539 descripta,
2071 2501 2097 2532 se
2112 2506 2216 2534 mutuo
2235 2488 2392 2538 detenderit

1326 2544 1429 2568 contra
1459 2538 1629 2569 nvadentern
1643 2546 1691 2570 aut
1705 2538 1887 2570 Invasionem
1910 2548 2125 2579 procurantem,
2148 2550 2178 2572 ut
2195 2545 2391 2584 praemittitur,

1347 2585 1549 2615 uemcunque,
1566 2576 1669 2615 absque
1685 2577 1738 2608 ulla
1752 2577 1932 2616 Exceptione
1944 2601 1954 2616 ,
1970 2577 2104 2610 Eundem
2120 2579 2177 2611 sive
2198 2581 2321 2612 Eosdem
2338 2584 2392 2614 ho-

1352 2615 1425 2646 iliter
1442 2615 1579 2646 invadent
1594 2617 1629 2647 &
1642 2615 1836 2656 aggredientur
1871 2616 2039 2656 Bellumque
2051 2626 2153 2649 contra
2174 2619 2264 2657 ipsum
2284 2621 2330 2653 vel
2349 2624 2393 2661 ip-

1327 2653 1371 2684 sos
1385 2653 1464 2684 bona
1478 2653 1565 2693 Fide,
1584 2654 1686 2694 absque
1701 2656 1783 2685 omni
1798 2639 1948 2686 Diiatione
1962 2655 2072 2687 Fraude
2091 2658 2124 2688 &
2140 2657 2223 2689 Dolo
2236 2659 2342 2691 realiter
2358 2662 2393 2692 δε

1328 2702 1399 2723 curn
1412 2691 1518 2724 effectu
1534 2700 1648 2732 gerent,
1666 2702 1700 2724 ac
1715 2693 1844 2731 insuper,
1859 2693 1928 2724 licet
1948 2694 2013 2733 alii,
2037 2705 2088 2732 pro
2106 2696 2294 2735 principaliter
2309 2699 2392 2731 Con-

1327 2731 1504 2763 trahentibus
1518 2731 1639 2770 superius
1653 2733 1793 2763 nominati
1807 2740 1854 2763 aut
1871 2741 1973 2763 eorum
1995 2733 2110 2772 aliquis,
2135 2737 2301 2772 praesentem
2318 2738 2392 2769 Tra—

1328 2770 1439 2801 &atum
1454 2779 1502 2802 aut
1518 2771 1641 2810 aliquem
1656 2769 1818 2802 Articulum
1832 2771 1862 2800 in
1876 2781 1912 2801 eo
1931 2778 2101 2803 contentum
2116 2782 2175 2802 nori
2183 2775 2393 2809 obiervaverint

1327 2818 1377 2841 aut
1392 2810 1641 2848 contravenerint,
1659 2809 1779 2848 praesens
1792 2817 1890 2840 tamen
1905 2810 2074 2849 Traditum,
2093 2820 2127 2842 ac
2142 2814 2240 2843 omnia
2254 2814 2287 2844 &
2300 2814 2392 2856 singti-

1328 2849 1356 2880 la
1372 2848 1401 2878 in
1416 2849 1519 2879 eodem
1531 2855 1665 2879 contenta
1675 2871 1684 2887 ‚
1703 2848 1775 2879 inter
1788 2847 1903 2879 eosdem
1917 2847 2165 2889 Christianiffimum
2180 2851 2391 2890 francorum&

1329 2887 1542 2927 Potentiffimum
1556 2886 1670 2925 Angliae
1681 2890 1780 2925 Reges,
1798 2896 1851 2924 pro
1871 2886 2077 2925 Personarum,
2098 2888 2245 2928 statuum,
2270 2891 2393 2930 Regno-

1329 2934 1414 2966 rum,
1439 2927 1614 2965 Terrarum,
1638 2926 1672 2956 &
1687 2925 1900 2957 Dominiorum
1917 2926 2031 2957 suorum
2049 2927 2207 2967 Tuitione,
2233 2928 2395 2963 Conserva-

1329 2968 1424 3004 tione,
1451 2966 1485 2997 &
1512 2964 1715 3003 Deffenfione,
1740 2964 1836 2995 Firma
1861 2965 1896 2996 δε
1918 2963 1991 2996 Rata
2016 2966 2184 3005 manebunt,
2214 2969 2395 3009 eundemque

1329 3004 1522 3043 Tradlmtum,
1537 3013 1570 3034 ac
1588 3003 1690 3034 omnia
1705 3005 1739 3034 ὃς
1756 3003 1859 3042 singula
1875 3004 1905 3033 iri
1924 3003 2033 3046 eodem
2049 3014 2185 3036 contenta
2202 3008 2333 3045 quatinus
2347 3019 2396 3040 eos

1330 3051 1513 3075 concernunt
1529 3042 1697 3073 inconcusse
1713 3042 1747 3073 ὃς
1760 3042 1962 3072 inviolabiliter
1975 3044 2181 3082 observabunt,
2193 3056 2253 3076 non
2267 3046 2396 3078 obstante

1329 3083 1412 3122 qu'od
1438 3082 1535 3113 caeteri
1548 3081 1577 3111 id
1591 3091 1651 3111 non
1663 3079 1784 3111 fecerint
1803 3081 2033 3120 perimpleveriiit
2053 3090 2100 3112 aut
2120 3083 2212 3114 facere
2227 3086 2397 3122 perimplere

1331 3121 1536 3190 recusavf-zrint·²
1554 3119 1601 3150 seu
1616 3128 1720 3150 eorum
1734 3119 1832 3159 aliquis
1842 3129 1904 3149 non
1918 3119 2017 3150 fecerit
2031 3121 2242 3159 perimpleverit
2263 3132 2307 3154 aut
2320 3124 2397 3156 face-

1330 3170 1361 3191 re
1374 3167 1442 3191 recu
1453 3168 1549 3190 averit.

1368 3198 1501 3237 ITEM,
1525 3196 1714 3228 Conventum
1740 3196 1958 3228 Concordatum
1979 3198 2013 3228 δε
2041 3196 2220 3230 Conclusum
2249 3198 2290 3230 est
2315 3201 2396 3240 quod

1332 3247 1436 3268 omnes
1450 3237 1485 3268 &
1502 3237 1601 3276 singuli
1616 3235 1815 3267 Confoederati
1831 3236 1980 3275 praedieti,
1998 3236 2110 3274 quando
2127 3248 2175 3275 pei·
2190 3237 2323 3268 Oratores
2338 3240 2394 3271 sive

1335 3275 1559 3308 Commiffarios
1581 3275 1700 3313 alicujus
1720 3276 1890 3306 eorumdem
1913 3276 2101 3306 sufficientem
2121 3276 2327 3307 Austoritatem
2344 3279 2394 3309 lia-

1334 3317 1434 3347 bentes
1444 3316 1479 3345 ad
1494 3314 1552 3345 hoc
1567 3313 1661 3345 debite
1680 3314 1801 3354 requisiti
1814 3314 1935 3352 fuerint,
1955 3316 1985 3344 in
2007 3323 2109 3344 eorum
2130 3314 2290 3352 Pudentis,
2311 3317 2394 3348 metis

1335 3353 1525 3387 sacrosanctis
1541 3352 1717 3391 Evangeliis,
1733 3353 1937 3392 Juramentum
1960 3353 2106 3389 corporale
2128 3353 2295 3390 praestabunt
2333 3355 2396 3387 uod

1336 3395 1433 3426 omnia
1446 3394 1480 3423 &
1495 3392 1598 3431 singula
1610 3393 1639 3422 iri
1654 3391 1782 3429 praesenti
1794 3392 1934 3422 Tratstatu
1947 3390 2102 3429 specificata
2115 3392 2148 3422 &
2169 3400 2303 3422 contenta
2339 3395 2395 3425 ene:

1336 3435 1371 3466 ὃ(
1382 3431 1498 3463 fideliter
1508 3432 1697 3461 observabunt
1709 3432 1743 3461 &
1758 3430 1970 3470 adimplebunt,
1989 3440 2022 3460 ac
2037 3441 2050 3459 a
2065 3429 2118 3460 suis
2131 3429 2254 3460 Subditis
2267 3433 2396 3469 quatinus

1335 3472 1407 3511 ipsos
1429 3478 1546 3507 tangunt
1567 3478 1613 3500 aut
1633 3477 1748 3506 tangere
1770 3477 1904 3507 poterunt
1925 3468 2112 3499 observari&
2126 3467 2275 3506 adimpleri
2287 3469 2395 3503 facient

1336 3519 1407 3543 cum
1420 3508 1549 3544 effeetu3
1564 3509 1599 3540 <Sc
1613 3506 1688 3538 idem
1700 3508 1899 3546 juramentum
1916 3508 1944 3536 in
1961 3506 2076 3544 Scriptis
2088 3505 2234 3538 redastum
2249 3508 2283 3539 &
2297 3508 2393 3541 Manu

1335 3551 1382 3580 sua
1394 3548 1587 3616 subgignatum
1601 3545 1715 3576 Oratori
1731 3546 1789 3577 five
1804 3545 1973 3578 Oratoribus
1988 3543 2149 3582 hujusmodi
2166 3554 2234 3578 tunc
2251 3548 2393 3584 praesenti-

1335 3588 1389 3620 bus
1400 3595 1440 3618 tra
1461 3593 1498 3616 et.

1374 3625 1503 3663 ITEM,
1527 3622 1716 3655 Conventum
1735 3622 1952 3653 Concordatum
1972 3622 2005 3652 δε
2032 3620 2210 3653 Conclusum
2228 3623 2286 3663 est,
2312 3624 2395 3663 quod

1335 3675 1437 3696 omnes
1462 3663 1497 3694 &
1522 3663 1621 3702 singuli
1636 3662 1836 3693 Confoederati
1858 3660 2045 3699 principaliter
2071 3660 2280 3693 Contrahentes
2297 3665 2397 3696 omnia

1338 3706 1372 3736 &
1400 3702 1505 3741 lingula
1536 3701 1685 3732 Praemissa
1718 3699 1908 3731 Ratificabunt
1927 3722 1937 3738 ,
1974 3699 2194 3730 Audiorisabunt
2223 3703 2256 3732 &
2280 3701 2397 3732 Confit-

1338 3744 1458 3774 mabunt
1477 3763 1487 3778 ‚
1524 3748 1608 3778 atque
1640 3739 1749 3770 realiter
1785 3740 1818 3770 &
1849 3746 1917 3767 cum
1939 3736 2043 3768 effectu
2071 3748 2123 3776 pro
2150 3739 2230 3769 Parte
2257 3739 2300 3769 sua
2329 3749 2395 3771 exe-

1337 3789 1456 3820 quentur
1473 3781 1507 3810 &
1524 3777 1627 3809 facient
1644 3800 1654 3816 ,
1690 3779 1723 3808 &
1743 3786 1843 3807 eorum
1860 3775 1977 3815 quilibet
1994 3776 2144 3808 ratificabit
2163 3778 2344 3809 auctorisabit
2360 3780 2395 3809 δε

1337 3819 1521 3851 confirmabit
1544 3826 1625 3856 atquc
1649 3816 1756 3846 realiter
1779 3816 1813 3846 δε
1839 3823 1910 3857 cum
1930 3813 2037 3846 effedhi
2065 3825 2119 3854 pro
2147 3814 2229 3845 Parte
2259 3818 2305 3847 sua
2328 3827 2394 3848 exe-

1338 3868 1439 3898 quetur
1464 3858 1497 3887 &
1522 3854 1606 3885 faciet
1621 3877 1631 3893 ,
1668 3864 1733 3892 quae
1760 3853 1970 3884 Praemiilorum
2003 3855 2103 3884 Tenor
2129 3855 2221 3896 exiget
2245 3857 2278 3886 &
2303 3857 2396 3895 requi«

1339 3907 1380 3928 ret
1398 3919 1408 3935 ,
1440 3894 1552 3931 suasque
1577 3894 1684 3924 Literas
1708 3892 1837 3922 Parentes
1859 3892 1975 3929 desuper
2001 3894 2100 3923 debite
2123 3893 2267 3923 coniectas
2285 3916 2294 3932 ,
2329 3894 2396 3925 Ma-

1339 3937 1401 3976 gnis
1419 3934 1470 3965 suis
1488 3931 1733 3970 Sigillis-figillatas
1750 3932 1782 3960 δε
1802 3930 1937 3961 Manibus
1954 3931 2004 3961 suis
2020 3932 2198 3969 subscriptam,
2212 3931 2295 3962 dietis
2313 3932 2397 3962 Con-

1341 3973 1488 4006 foederatis
1513 3970 1701 4007 principaliter
1724 3969 1965 4000 Contrahentibus
1989 3972 2022 4001 δε
2054 3979 2154 3999 eorum
2186 3970 2301 4001 cuilibet
2327 3973 2399 4001 intra

1345 4015 1477 4051 Quatuor
1497 4008 1611 4039 Menses
1629 4007 1736 4038 Datam
1756 4009 1893 4045 praesentis
1911 4007 2062 4039 Traetatfis
2080 4008 2210 4045 proxime
2237 4011 2269 4040 ὃς
2295 4012 2401 4038 imme*

1344 4052 1421 4083 diate
1442 4049 1583 4088 requentes
1604 4046 1763 4078 liberabunt
1788 4047 1827 4116 ἐξ
1844 4047 1953 4079 tradent
1971 4070 1982 4084 ,
2020 4046 2129 4079 tradive
2148 4055 2197 4080 aut
2226 4047 2337 4089 liberari·
2361 4048 2401 4077 fa-

1847 4094 1862 4125 3
2312 4094 2408 4124 cient,

2432 2086 2448 2104 *
2458 2086 2542 2118 XIII,

2425 2126 2493 2162 629.
