2542 4274
49 172 176 207 AnnD.

72 221 158 250 1521.

47 256 112 281 Heu.
133 251 160 282 8.

71 2089 185 2119 0>tiii.

93 2138 157 2165 742-

62 3241 139 3274 Ann.
152 3240 194 3273 1).

90 3288 174 3317 1521.

65 3323 118 3348 An.
131 3330 174 3348 iz.

66 3361 98 3386 Η.
125 3357 151 3387 8.

65 3399 107 3423 ,Ex
121 3397 181 3423 Ori·

62 3435 132 3469 gine.

198 108 221 137 11
227 109 283 150 94

200 189 236 219 De
261 180 386 227 1130,ζοῙό
407 181 442 214 &
463 180 614 222 diligenti,
631 194 665 215 ac
684 184 798 216 servatis
819 182 1083 216 Constitutionibus
1098 171 1263 208 Viennensis

205 217 336 252 Concilii
351 223 384 252 &
401 221 459 252 aliis
475 222 707 258 Solemnitatibus
723 225 751 254 in
767 224 866 255 talibus
887 223 1012 253 adhiberi
1032 219 1131 255 solitis,
1146 220 1264 256 promo-

204 268 270 302 vere
285 260 328 289 seu
345 262 508 305 promoveri
521 260 662 300 faciendi,
679 263 771 301 eisque
790 262 890 302 gradus
909 258 1070 299 hujusmodi
1092 257 1125 286 &
1144 254 1263 292 Inligffla.

203 297 283 341 solita
294 296 327 328 &
342 298 439 330 debita
454 298 635 332 Conferendi
648 303 683 334 &
697 300 860 332 Exhibendi
874 299 920 330 seu
935 297 1062 328 exhiberi
1083 296 1116 325 &
1141 296 1265 333 conterrl

205 336 487 381 faciend1,quodque
500 339 537 370 fic
553 348 623 371 runc
639 340 767 378 promoti
781 339 916 370 omnibus
927 339 961 369 ὃς
978 336 1014 365 sin
1037 334 1086 363 ulis
1101 331 1267 368 Privilegns’

207 374 416 418 Libertatibus,
434 376 681 417 Immunitatibus,
696 377 952 415 Exemptionibus,
969 374 1002 404 &
1034 371 1138 402 ndultis
1153 369 1211 400 aliis
1231 363 1265 396 ad

206 413 369 458 huillimodi
387 416 504 455 gradus,
522 418 552 448 in
566 416 805 452 Universitatibus
820 414 986 446 Studiorum
1002 409 1176 451 generalium
1200 414 1265 442 pro-

208 461 299 496 motis
313 452 450 493 conceffis
465 455 499 486 &
517 455 725 493 concedendis,
744 452 937 492 imposterum
953 451 1057 486 etiarn,
1076 446 1170 486 quoad
1185 443 1266 488 Affe-

207 499 356 537 ΨΞῙΟῘῚΕΠ]
374 493 601 533 Beneficiorum,
620 494 820 530 Praerogativis
834 501 866 521 ac
892 490 911 520 si
932 491 961 519 in
979 488 1079 519 Studio
1093 483 1265 526 generalilac

206 530 271 565 allas
283 532 603 575 iuXta-Constimtiones
618 532 794 577 Apostolicas
810 529 942 560 Promoti
957 526 1071 558 fuissent
1086 525 1119 555 ὃς
1136 520 1266 560 Requifi-

207 576 235 638 (1³²³
246 569 496 641 gdmpleffiffim'
510 573 553 641 cissti
565 573 652 609 potiri
667 571 699 601 &
713 569 833 610 gaudere
846 568 935 599 libere
957 567 991 598 &
1012 564 1089 595 licite
1112 561 1216 602 poffint
1232 560 1266 590 &

228 618 243 638 e
266 617 329 642 eant
383 621 401 642 n
423 622 440 641 u
472 620 508 642 en
530 612 539 640 i

246 646 318 678 Nec
332 631 393 680 r’ion
409 621 478 680 curgn
493 633 636 686 quibusvis
650 646 778 678 Personis
790 641 870 683 super
886 639 1026 683 quibusvis
1041 638 1191 683 Natali'um
1205 639 1266 668 De-

198 683 321 724 feffibus
341 686 379 723 ὠ·
401 687 670 724 Irregularitatibus‚
691 696 758 723 quas
780 684 864 723 aliqui
887 684 943 714 fine
966 679 1181 720 Dispensatione
1204 685 1268 706 anre

207 723 338 755 AEtatem
356 725 529 766 Legitimam
544 725 589 756 seu
602 725 637 755 ad
654 724 755 755 ficium
771 722 906 754 Titulum
923 719 1058 751 Beneficii
1069 718 1105 748 ad
1119 715 1267 758 Sacros&

207 755 418 807 Presbyteratsis
434 764 556 795 Ordines
577 763 705 801 promoti
721 762 852 799 fuerunt,
867 770 903 791 ac
917 758 1051 790 Censuris
1064 753 1268 797 Ecclesiasticis

208 800 302 846 Ligari
320 802 421 833 Miffas
434 803 469 833 ὅ(
483 802 532 833 alia
549 801 657 833 Divina
671 801 780 832 Officia
795 798 993 836 Celebrando,
1011 805 1058 827 aut
1073 795 1138 826 alias
1159 793 1195 824 Se
1208 792 1270 836 'illis

207 841 401 872 immiscendo
413 840 648 880 quomodolibet,
666 850 724 870 non
739 848 833 870 tamen
850 839 879 868 in
899 836 1112 872 Contemptum
1129 832 1268 863 Clavium

208 882 417 918 contraxerint,
433 889 463 910 ut
475 879 510 910 ad
523 889 626 910 omnes
641 879 727 910 etiam
742 877 844 908 Sacros
860 878 893 908 δε
911 872 1124 914 Presbyteratsis
1145 870 1269 901 Ordines

207 921 389 958 promoveri,
407 921 441 951 &
457 920 486 950 in
500 918 553 948 illis
564 927 597 949 ac
612 928 661 956 per
674 927 723 948 eos
739 916 867 953 susceptis
881 923 928 946 aut
952 910 1133 951 suscipiendis
1147 908 1268 940 Ordini—

206 960 260 990 bus
273 959 358 990 etiam
372 960 402 988 in
417 959 519 990 Altaris
540 954 707 989 Ministerio
731 956 904 991 ministrare,
922 953 955 983 &
971 960 1092 990 quaecun
1115 958 1165 986 ue,
1185 955 1269 985 quot-

207 1007 335 1067 cungue,
353 999 387 1030 &
401 997 604 1042 qualiacunque
618 995 757 1027 Beneficia
772 990 987 1028 Ecclesiastica,
1003 998 1072 1020 cum
1125 997 1173 1018 ura
1186 989 1220 1018 &
1234 984 1267 1015 fi-

206 1046 244 1067 ne
289 1047 354 1074 ura,
373 1037 540 1067 seinvicem
555 1034 778 1072 compatientia,
796 1029 902 1062 etiamsi
919 1029 1084 1067 Dignitates
1102 1024 1269 1070 Personams

207 1075 475 1107 Administrationes
490 1073 535 1104 vel
549 1072 658 1104 Officia
672 1072 717 1102 seu
730 1070 924 1101 Canonicatus
937 1070 972 1100 δε
984 1064 1152 1097 Praebendae
1166 1070 1194 1094 in
1211 1062 1270 1094 Ca*

207 1114 378 1145 thedralibus
391 1114 478 1145 etiam
493 1111 724 1149 Metropolitanis
738 1109 785 1140 vel
800 1107 968 1144 Collegiatis
981 1104 1132 1142 Ecclesiis,
1145 1105 1179 1136 δὲ
1193 1102 1270 1141 Dig-

206 1153 307 1183 nitates
329 1152 489 1183 personatus
511 1149 781 1182 Administrationes
803 1146 848 1178 vel
867 1146 979 1177 Officia
993 1141 1154 1182 hujusmodi
1175 1150 1270 1172 curata

208 1192 243 1222 ὃ(
255 1192 375 1223 ε1ε<511ν3
391 1189 512 1227 fuerint,
532 1189 552 1220 fi
568 1190 607 1220 eis
620 1188 759 1220 canonice
774 1185 957 1217 conferantur
971 1193 1019 1214 aut
1034 1182 1181 1222 eligantur,
1196 1189 1270 1217 prae-

208 1231 349 1262 lententur
362 1230 407 1261 vel
419 1230 481 1260 alias
492 1227 662 1259 assumantur
676 1226 710 1256 ad
726 1225 778 1256 Illa
791 1226 825 1257 &
839 1223 1037 1259 instituantur,
1055 1222 1084 1251 in
1102 1221 1142 1250 eis
1161 1219 1270 1256 recipe-

208 1278 260 1314 re,
272 1271 305 1301 &
322 1269 415 1308 quoad
429 1268 562 1306 vixerint,
581 1274 651 1297 cum
667 1264 797 1296 Clausula
810 1261 996 1295 Permutandi
1011 1261 1115 1292 totiens
1130 1258 1272 1297 quotienS,

206 1317 328 1340 retinere

245 1347 279 1376 N
282 1331 376 1378 ecn’on
391 1353 459 1377 cum
475 1342 617 1384 quibusvis
631 1342 762 1374 Personis
774 1336 975 1373 Ecclesiasticis
986 1337 1161 1369 Secularibus
1176 1342 1206 1366 ut
1214 1337 1272 1364 Le-

204 1385 348 1423 geslegere
363 1387 397 1416 &
413 1384 507 1415 audire
520 1393 554 1414 ac
573 1383 606 1413 iti
630 1383 669 1412 eis
688 1380 802 1412 Gradus
818 1379 974 1410 ,consuetos
991 1377 1134 1414 recipere,
1151 1384 1184 1405 ac
1199 1383 1271 1404 cum

206 1424 400 1461 Regularibus
412 1433 443 1455 ut
459 1423 625 1460 ubicunque
638 1421 772 1452 locorum
785 1418 900 1450 Verbum
913 1420 968 1447 Dei
977 1413 1227 1455 praedicare'libete
1237 1412 1271 1443 &z

206 1463 287 1495 licite
307 1462 432 1500 valeant,
449 1459 638 1500 Dispensandi
646 1483 655 1498 ‚

247 1502 378 1533 Necnon
393 1511 458 1539 eos,
475 1502 524 1541 qui
538 1499 630 1529 Horas
645 1500 809 1535 canonicas,
826 1502 910 1535 prout
923 1494 1107 1532 tenebantur,
1125 1491 1220 1523 dicere
1236 1491 1269 1521 Sc

208 1542 325 1572 recitare
340 1539 495 1570 omiserunt
510 1537 703 1576 Absolvendi,

245 1581 293 1611 Ac
318 1578 459 1617 quibusvis
481 1578 627 1615 personis,
645 1585 677 1607 ut
698 1577 790 1605 Horas
801 1576 952 1604 canonicas
967 1573 1001 1605 &
1023 1569 1172 1603 Officium
1193 1568 1270 1599 diur-

203 1627 277 1661 num
288 1641 297 1657 ,
316 1617 475 1649 secundum
496 1616 577 1648 usum
594 1617 683 1647 ritum
697 1615 731 1646 &
746 1612 982 1645 consuetudinem
1006 1610 1153 1641 Romanae
1168 1607 1271 1638 Eccle-

205 1661 268 1695 iiae,
285 1657 335 1688 soli
357 1665 405 1690 aut
426 1665 498 1687 cum
522 1665 581 1686 uno
599 1654 645 1686 vel
661 1653 771 1684 duobus
791 1652 901 1690 Sociis,
918 1650 1013 1682 dicere
1035 1649 1068 1680 δε
1089 1648 1204 1679 recitare
1222 1656 1271 1677 va-

204 1695 298 1735 leant,
315 1693 524 1733 Concedendi‚

247 1735 291 1765 Ac
315 1744 417 1765 omnes
437 1733 470 1764 ὃς
492 1731 634 1770 singulos,
649 1731 751 1771 quibus
763 1732 880 1760 Gratias
894 1727 933 1764 ό·
957 1725 1073 1758 Indulta
1087 1723 1270 1763 hujusmodi,

204 1774 283 1812 Juxta
303 1773 496 1810 Facultatem,
511 1780 595 1810 quam
612 1770 662 1808 ipsi
679 1771 709 1800 in
724 1769 837 1800 Litteris
856 1778 905 1806 per
919 1766 968 1797 Te
989 1763 1170 1803 expediendis
1191 1762 1272 1793 inseri

206 1812 301 1844 facere
322 1822 384 1842 non
405 1819 569 1847 teneantur,
588 1809 642 1839 tibi
663 1807 847 1844 concessam,
865 1805 1034 1838 concesseris
1055 1803 1100 1833 seu
1124 1811 1188 1842 erga
1203 1811 1273 1841 quos

208 1851 369 1886 hujusmodi
394 1849 582 1880 Facultatibus
605 1849 688 1878 uteris
703 1870 713 1886 ,
738 1857 754 1878 a
781 1845 925 1884 quibusvis
950 1841 1269 1875 Excommunicationis

207 1890 399 1927 Suspensionis
414 1888 448 1919 &
462 1887 608 1919 interdicti
621 1886 730 1924 aliisque
750 1883 951 1916 Ecclesiasticis
967 1881 1118 1913 Sententiis
1140 1878 1273 1910 Censuris

208 1930 242 1960 ὃς
258 1929 358 1960 Poenis
372 1939 387 1958 a
398 1926 468 1965 Jure
483 1926 528 1956 vel
542 1927 578 1956 ab
591 1925 725 1955 Homine
740 1924 838 1963 quavis
853 1923 1003 1953 occasione
1024 1920 1067 1951 vel
1084 1919 1168 1950 causa
1192 1918 1272 1956 latis,

208 1968 231 2001 fi
253 1968 355 2008 quibus
369 1965 594 2005 quomodolibet
616 1963 744 1994 innodati
767 1970 864 2002 erunt,
882 1960 988 1991 etiarnsi
1006 1959 1097 1989 forsan
1116 1958 1186 1988 ultra
1209 1958 1271 1987 An-

207 2017 281 2037 num
305 2005 500 2036 insorduerunt
523 2013 569 2034 aut
584 2013 638 2041 pro
664 2002 710 2032 Re
722 2001 853 2040 Judicata
869 1998 1125 2031 Excommunicati
1141 1997 1272 2034 fuerunt,

208 2045 244 2076 ed
261 2044 398 2076 effedfflm
411 2043 577 2074 Gratiarum
594 2051 642 2079 per
656 2041 775 2071 eandem
790 2038 1049 2077 Circumspeffionem
1068 2044 1147 2066 tuam
1162 2045 1272 2066 conce-

204 2083 367 2152 gendarum
386 2082 406 2102 ὓ*
424 2081 586 2118 dumtaxat,
603 2079 780 2110 Absolvendi
804 2078 838 2109 &
862 2077 1005 2108 absolutos
1026 2076 1087 2107 fore
1114 2074 1272 2106 Nuncian—

227 2132 236 2152 i

244 2144 399 2192 'Praerniffis
416 2168 450 2189 ac
477 2157 620 2197 quibusvis
642 2155 904 2187 Constitutionibus
921 2152 1039 2191 nostris,
1055 2152 1137 2190 super
1160 2151 1272 2181 Restri-

205 2200 307 2231 stione
330 2199 506 2230 Facultatum
531 2196 642 2234 Legatis
655 2198 688 2227 ὅ(
712 2195 836 2225 Nunciis
854 2193 957 2223 nostris
977 2201 1029 2228 pro
1047 2200 1178 2228 ternpore
1196 2200 1271 2220 con-

205 2239 287 2270 ceffis
305 2250 319 2269 a
335 2238 435 2269 Nobis
451 2237 531 2267 editis
549 2237 582 2267 &
598 2235 628 2264 in
645 2234 723 2264 dieta
741 2232 917 2263 Cancellaria
937 2231 1105 2267 publicatis,
1122 2238 1156 2258 ac
1174 2228 1271 2259 Pieta-

206 2278 296 2309 vensis
311 2276 436 2308 Concilii
455 2276 487 2306 &
503 2274 560 2305 aliis
580 2272 842 2303 Constitutionibus
863 2269 1054 2310 Apostolicis,
1071 2277 1185 2298 necnon
1204 2277 1272 2297 om-

207 2318 289 2347 nibus
308 2316 359 2346 illis
379 2325 444 2354 quae
464 2315 494 2343 in
513 2313 649 2343 omnibus
669 2311 729 2342 aliis
752 2310 866 2340 Litteris
892 2308 993 2339 nostris
1013 2306 1158 2346 praediffis
1176 2305 1270 2336 volui-

206 2365 270 2386 mus
294 2365 353 2386 non
379 2353 511 2391 obstare,
535 2351 696 2388 caeterisque
723 2349 870 2380 contrariis
896 2355 1055 2385 nequaqam
1074 2344 1270 2382 obstantibus,

208 2395 386 2426 AuCtoritate
404 2389 573 2430 Apostolica
587 2390 704 2420 Tcnore
719 2387 905 2418 Praesentium
927 2385 1100 2416 Facultatem
1121 2382 1270 2413 Concedi-

209 2443 289 2470 mus,
306 2432 435 2469 Tibiquc
454 2431 552 2467 pariter
570 2427 765 2463 indulgemus.

247 2471 332 2502 Nulli
351 2478 421 2507 ergo
445 2467 570 2498 omnino
596 2464 761 2495 Hominum
788 2463 871 2493 liceat
896 2460 970 2491 banc
996 2459 1137 2498 Paginam
1163 2456 1270 2489 nostrae

207 2507 400 2542 concessionis
419 2508 452 2538 ὃ(
468 2504 574 2536 Indulti
589 2502 760 2542 infringere,
778 2501 842 2532 &c-

248 2586 316 2617 Dat.
334 2587 426 2614 Romae
443 2581 517 2621 apud
532 2579 669 2612 Sanitum
684 2578 820 2615 Petrum,
835 2576 922 2608 Anno
943 2573 1148 2606 Incarnationis
1164 2573 1270 2605 Domi·

209 2626 283 2657 nicae
308 2624 467 2655 Millesimo
492 2618 715 2660 quingentesimo
740 2616 880 2648 vicesimo
904 2615 999 2652 primo
1014 2636 1025 2653 ,
1050 2612 1114 2644 Kal.
1140 2612 1246 2651 Aprilis
1262 2636 1272 2651 ‚

210 2662 396 2696 Pontificatsis
415 2659 503 2692 nostri
517 2659 605 2690 Anno
626 2666 715 2688 nono.

531 2735 558 2767 L
566 2744 584 2766 Ε
594 2745 614 2766 0
635 2737 710 2772 Papa
724 2735 857 2763 Decimus-2

838 2808 873 2840 A.
891 2816 941 2839 ni:
958 2806 1197 2838 CAsTiLLo.

245 2893 299 2926 Sub
314 2889 554 2959 Sigillo·l?lun1beo
570 2900 589 2920 a
604 2887 670 2918 Filis
692 2890 784 2917 Sericis
798 2886 879 2927 flavi
892 2884 1018 2924 rubeique
1033 2882 1124 2912 coloris
1138 2883 1272 2922 pendente

369 2943 388 2961 a
398 2938 418 2970 p
428 2941 481 2960 sca.

211 3090 269 3121 Pro
294 3083 451 3118 Cardinali
476 3080 625 3124 Eborum,
651 3080 741 3114 Bulla
762 3078 798 3112 a'e
821 3076 1023 3122 potestatibus,
1060 3089 1131 3125 uper
1154 3077 1270 3110 LeHio-

463 3142 498 3164 ne
524 3129 689 3165 Librorum
712 3130 854 3162 Martini
879 3126 1017 3164 Luehm',

270 3232 296 3265 E
306 3230 337 3263 O
355 3231 407 3264 Er
417 3240 428 3262 1
439 3240 451 3261 s
461 3238 532 3262 cor
541 3237 564 3260 υ
575 3238 588 3260 s
606 3232 709 3259 Servus
723 3230 868 3258 Servorum
890 3228 961 3265 Dei,
980 3225 1098 3257 Dileffi’m
1113 3225 1187 3257 Filio
1201 3226 1270 3256 Πασ-

290 3282 341 3301 mae
358 3269 446 3301 Tituli
459 3269 567 3299 Sanc‘fae
591 3266 694 3298 Ceciliae
709 3265 865 3305 Presbytero
887 3264 1029 3295 Cardinali
1048 3264 1223 3304 Eboracenst,
1240 3267 1271 3295 in

215 3310 327 3348 Regno
346 3309 463 3346 Angliae
484 3306 583 3338 nostro
605 3307 638 3338 &
655 3303 831 3343 Apostolicae
853 3303 930 3334 Sedis
943 3304 1072 3343 Legato,
1090 3303 1216 3334 Salutem
1237 3305 1270 3336 ὃς

214 3348 410 3390 Apostolicam
424 3345 667 3378 Benedictionem.

256 3387 338 3418 Cum
362 3386 398 3419 ad
422 3385 511 3416 nichil
536 3383 611 3415 aliud
638 3383 725 3421 magis
750 3380 842 3412 nostra
861 3381 957 3419 aspiret
975 3381 1114 3418 intentio,
1137 3380 1222 3419 quam
1241 3389 1272 3411 ut

220 3423 326 3455 Christi
344 3424 483 3455 Fidelium
499 3424 607 3454 animas
624 3421 721 3452 nostra
737 3419 885 3457 diligentia
906 3419 975 3450 Deo
997 3419 1161 3450 lucrifacere
1187 3418 1273 3456 poffi-

223 3472 302 3499 rrius,
319 3463 436 3494 libenter
454 3464 529 3493 circa
546 3462 604 3492 hoc
619 3469 737 3498 operam
754 3459 870 3497 vigilem
886 3458 1067 3494 adhibemus,
1086 3466 1115 3488 ut
1132 3457 1274 3488 diabolica

218 3500 328 3532 Fraude
343 3500 467 3539 Decepti
484 3500 520 3532 ad
534 3499 657 3531 Caulam
670 3498 894 3528 Dominicarum
908 3497 1020 3527 Ovium
1038 3504 1228 3533 revertantur,
1240 3497 1274 3527 &

221 3539 242 3570 si
260 3540 336 3576 quis,
355 3540 515 3570 animorum
534 3537 710 3577 perversitate
727 3536 824 3574 ducti,
842 3536 872 3565 iri
889 3545 992 3565 eorum
1011 3535 1146 3565 damnato
1165 3534 1276 3574 Propo-

222 3577 274 3609 fito
293 3575 461 3614 perseverare
481 3576 747 3615 maluerint,ta.liter
762 3574 997 3605 animadvertatur
1023 3574 1054 3603 iri
1078 3573 1161 3610 lllos,
1188 3581 1218 3603 ut
1243 3572 1274 3603 fit

221 3625 324 3647 eorum
342 3615 431 3645 Poena
445 3617 550 3646 caeteris
567 3617 595 3646 in
612 3614 795 3653 Exemplum«

239 3694 243 3698 .
261 3654 352 3699 Sane,
372 3653 519 3695 cum-alias
537 3654 653 3692 quidem
670 3653 726 3684 falsi
745 3651 825 3682 Fidei
840 3649 973 3681 Cultores
988 3648 1166 3688 quamplures
1179 3650 1212 3681 &
1226 3657 1276 3680 va-

221 3703 278 3722 rios
298 3692 430 3736 Iarrores,
444 3691 551 3728 jamdiu
570 3702 617 3729 per
639 3691 773 3723 Concilia
789 3692 821 3722 ὅ(
842 3688 1086 3720 Praedecefforum
1111 3687 1274 3719 nostrorum

222 3730 449 3760 Constitutiones
471 3728 647 3772 Damnatos,
663 3730 761 3768 utpote
783 3728 921 3759 Haeresim
940 3729 1024 3759 etiam
1047 3727 1222 3758 Graecorum
1241 3727 1274 3757 &

223 3768 399 3812 Boeinorum
415 3775 608 3810 continentes,
625 3771 734 3800 noviter
752 3766 919 3798 suscitassent
937 3767 970 3798 &
987 3768 1016 3797 in
1035 3765 1131 3796 inclita
1145 3765 1275 3795 Natione

223 3807 399 3851 Germanica
416 3805 609 3843 seminassent,
626 3806 712 3849 Nos,
731 3806 867 3837 Errorum
886 3804 1047 3842 hujusmodi
1062 3804 1143 3835 Virus
1159 3803 1274 3848 pestife-

224 3855 288 3888 rum
308 3846 417 3875 ulterius
434 3844 551 3874 tolerare
569 3844 614 3873 seu
629 3844 797 3875 dissimulare
811 3843 914 3882 absque
935 3842 1116 3874 orthodoxae
1132 3842 1212 3872 Fidei
1228 3843 1273 3871 in-

218 3892 290 3927 juria
309 3892 367 3912 non
385 3882 522 3926 valentes,
539 3891 572 3911 ac
591 3882 748 3925 huiusmodi
766 3883 839 3913 Pesti
861 3881 1030 3920 Morboque
1047 3880 1212 3917 cancerosO,
1237 3890 1274 3910 ne

221 3931 253 3951 in
273 3919 372 3964 Grege
386 3921 550 3951 Dominico
568 3920 648 3963 latius
667 3921 802 3959 serperet,
822 3920 911 3952 Viam
930 3920 1101 3958 praecludere
1118 3919 1273 3956 cupientes,

223 3958 342 3990 Errores
356 3959 444 3999 ipsos,
461 3968 492 3989 ut
506 3958 665 4001 Haereticos
682 3960 715 3989 &
734 3960 843 3990 veritati
856 3959 1019 3990 Catholicae
1035 3958 1218 3994 Contrarios,
1235 3957 1272 3986 de

221 3997 351 4030 Fratrum
368 3996 531 4030 nostrorum
546 3996 667 4033 consilio
686 3997 719 4029 ὃς
736 3998 859 4037 assensu,
879 3998 1088 4030 Damnavimus
1105 3997 1138 4029 &
1163 3994 1276 4033 Repro-

578 77 1470 139 CONVENTioNEs‚

1553 77 1991 134 LITERAE,

1305 166 1452 213 bavimuS,
1470 176 1504 197 ac
1522 169 1657 212 omnibus
1671 167 1810 206 utriusque
1824 166 1912 199 Sexus
1928 164 2211 206 christifidelibus,
2229 166 2288 198 tam
2302 167 2369 199 Lai·
2393 160 2521 193 'Am-‘D-

1305 215 1345 236 cis
1363 215 1449 242 quani
1465 205 1595 250 Clericis,
1613 206 1791 237 Secularibus
1809 207 1841 237 δε
1855 206 2051 245 RegularibuS,
2066 216 2114 245 per
2132 206 2293 237 universum
2309 207 2368 237 Or·
2408 208 2496 238 1521.

1306 245 1372 273 bem
1399 242 1549 281 praesertim
1565 255 1594 275 in
1616 246 1765 276 Alemania
1789 244 1845 283 ipsa
1865 245 2064 283 existentibus,
2081 245 2131 275 sub
2154 244 2365 276 Excommuni-
2388 243 2453 268 Hm·
2467 241 2508 275 ›3-

1306 282 1502 326 cationislatae
1519 283 1672 315 Sententiae
1690 284 1724 314 &
1741 283 1800 314 aliis
1812 283 1929 322 Poenis,
1946 292 2016 314 tunc
2034 283 2179 323 expressis,
2195 294 2231 315 eo
2246 283 2307 322 ipso
2323 284 2368 314 in-

1307 321 1464 365 currendis,
1482 322 1674 360 Praecepimus
1692 323 1724 353 ὃς
1751 321 1958 352 Mandavimus
1976 323 2012 352 ne
2028 323 2159 360 praefatos
2187 322 2305 353 Errores
2321 330 2370 354 aut

1306 369 1407 427 {eorum
1425 360 1532 400 aliquos
1546 361 1697 393 defendere
1714 369 1760 391 aut
1777 361 1878 399 quovis
1893 361 2009 399 quaesito
2024 361 2124 392 colore
2138 361 2283 393 affirmare
2296 371 2371 400 prae-

1319 406 1460 429 timerent.

1346 435 1403 483 Et,
1421 437 1486 474 quia
1505 437 1576 468 dieti
1600 437 1713 470 Errores
1734 439 1767 469 &
1789 438 1879 476 plures
1902 438 1948 469 alii
1970 438 2000 467 in
2028 437 2140 470 diverfis
2162 439 2294 478 LibelliS,
2319 449 2371 478 per

1308 476 1468 519 Martinurfz
1494 476 1649 520 Lutherum
1674 477 1899 509 Haereliarcham
1924 476 2110 515 compositis,
2131 480 2368 517 continebantur,

1311 513 1436 544 Libellos
1450 514 1538 558 ipsos,
1557 525 1586 545 in
1603 525 1778 553 quocunque
1792 516 1947 546 Ydiomate
1967 516 2189 555 reperiebantur,
2205 517 2370 548 Damnavi—

1310 561 1389 596 inus,
1408 563 1441 597 ac
1457 553 1559 584 eisdem
1579 553 1689 585 Christi
1710 554 1852 584 Fidelibus
1875 553 2079 585 Mandavimus
2095 555 2133 584 ne
2156 554 2300 595 Libellos,
2317 556 2372 587 hu*

1305 591 1428 632 jusmodi
1441 591 1559 623 Errores
1576 593 1648 630 ipsos
1661 593 1859 631 continentes,
1878 594 1988 631 legere,
2004 593 2188 632 imprimere,
2207 595 2371 633 publicare,

1309 632 1354 659 ieu
1372 629 1540 674 defendere,
1559 640 1606 662 aut
1621 633 1650 662 in
1667 631 1816 662 Domibus
1830 632 1900 670 suiS,
1919 632 1975 663 five
1989 632 2048 662 aliis
2062 631 2184 669 publicis
2197 633 2244 663 vel
2256 635 2372 671 privatis

1311 667 1418 711 Locis,
1434 676 1529 713 tenere
1545 670 1757 710 quoquomodo
1772 670 1990 708 praesumerent,
2010 670 2200 709 Qiinymmo
2217 670 2299 710 Illos,
2317 672 2372 702 sta*

1311 714 1365 750 tim
1382 706 1445 745 post
1462 708 1631 740 Litterarum
1648 710 1806 740 nostrarum
1821 708 1900 747 super
1916 710 1967 739 hiis
1981 709 2119 739 editarum
2136 709 2375 749 publicationem,

1311 746 1603 792 ubicunque'r‘forent,
1622 758 1671 786 per
1694 747 1859 778 Ordinarios
1883 748 1917 779 &
1938 747 2019 778 Alios
2039 749 2069 778 in
2089 747 2174 779 dietis
2194 747 2309 779 Litteris
2326 759 2375 780 ex-

1313 783 1437 828 pressos,
1451 785 1602 830 diligenter
1624 787 1769 825 quaesitos,
1788 786 1904 824 publice
1925 787 1958 817 ὃς
1977 786 2157 825 solemniter,
2176 786 2206 816 iri
2228 788 2373 827 praesentia

1313 821 1393 852 Cleri
1409 825 1447 870 δε-
1457 823 1579 864 Populi,
1596 825 1646 856 sub
1662 826 1763 856 Poenis
1783 826 1812 855 in
1828 825 1934 855 eisdem
1956 825 2070 856 Litteris
2086 824 2233 864 expressiS,
2253 828 2376 858 combu-

1312 870 1420 900 rerent,
1435 862 1535 907 3Pfiqf¹⁹
1545 867 1725 901 Martino,ut
1739 865 1775 894 ab
1789 865 1872 894 omni
1887 864 2098 895 Praedicatione
2118 864 2275 903 desisteret,
2289 865 2378 904 Juff-

1312 909 1389 938 mus,
1406 901 1531 939 alioquin
1553 902 1648 940 Eum,
1667 903 1780 940 ejusque
1796 902 1998 940 Adhaerentes,
2019 902 2205 942 Complices,
2224 903 2377 945 Fautores,

1311 938 1345 982 ὃς
1362 939 1566 985 Receptatores
1583 940 1794 980 Requilivimus
1809 941 1842 971 ὃς
1866 940 2056 980 Monuimus,
2075 942 2109 972 &
2122 941 2180 972 sub
2201 942 2283 974 dietis
2299 943 2375 975 Poe-

1311 984 1355 1007 nis
1369 977 1496 1022 districie
1511 979 1725 1018 praecipiendo,
1742 980 1782 1010 eis
1799 978 2003 1010 Mandavimus
2018 988 2047 1010 ut
2070 980 2142 1010 infra
2165 989 2257 1011 certos
2278 982 2339 1015 dies
2357 993 2374 1014 a

1311 1016 1435 1084 [braefatis
1454 1016 1603 1048 Erroribus
1621 1028 1778 1056 eorumque
1810 1017 2019 1048 Praedicatione
2046 1017 2080 1048 &
2109 1017 2309 1051 Publicatione
2338 1031 2374 1052 ac

1325 1093 1330 1099 ²
1346 1054 1487 1086 efensione
1498 1057 1622 1088 omnino
1638 1056 1807 1095 desisterent,
1823 1056 1979 1094 Librosque
1991 1055 2111 1086 Errores
2124 1057 2287 1096 hujusmodi
2304 1070 2378 1091 con-

1310 1100 1431 1126 tinentes
1451 1096 1670 1140 comburerent,
1687 1096 1734 1126 seu
1754 1094 1891 1126 comburi
1911 1095 2053 1132 facerent,
2078 1094 2173 1135 ipfique
2195 1099 2324 1128 Martino
2344 1106 2378 1130 ut

1313 1131 1428 1164 Errores
1450 1133 1520 1178 ipsos
1540 1136 1667 1165 omnino
1689 1142 1854 1172 revocaret,
1872 1143 1905 1164 ac
1925 1132 1960 1164 de
1984 1132 2186 1165 Revocatione
2208 1135 2374 1174 hujusmodi

1317 1180 1365 1208 per
1380 1173 1493 1210 publica
1508 1171 1695 1218 Documenta
1711 1173 1778 1204 Nos
1795 1173 1931 1204 certiores
1945 1173 2067 1211 faceret,
2084 1174 2118 1205 &
2131 1183 2199 1204 cum
2220 1174 2307 1213 pleno
2320 1175 2380 1207 Sal-

1313 1219 1353 1241 vo
1369 1211 1515 1242 condufiiu
1532 1212 1583 1242 sibi
1599 1212 1736 1243 concesso
1752 1211 1786 1243 ad
1802 1210 1871 1242 Nos
1886 1212 2013 1248 veniret,
2030 1220 2061 1242 ut
2075 1222 2139 1243 vera
2152 1212 2211 1250 ejus
2225 1213 2377 1246 Obedien-

1312 1249 1349 1279 tia
1364 1251 1499 1280 omnibus
1513 1251 1596 1289 plene
1608 1250 1765 1289 constaret,
1780 1250 1905 1289 alioquin
1924 1250 1942 1269 '¹‘
1962 1249 2040 1280 Eum
2052 1251 2164 1289 ejusque
2186 1251 2376 1284 Adhaerentes
2398 1254 2415 1273 ¹¹
2439 1254 2529 1285 XIII.¹

1313 1288 1347 1317 δε
1370 1288 1506 1320 Fautores
1524 1297 1658 1328 tanquam
1677 1289 1821 1320 Notorios
1835 1290 1868 1320 ὃς
1886 1289 2047 1319 Pertinaces
2062 1288 2226 1320 Haereticos
2244 1290 2326 1322 fuisse
2340 1292 2376 1323 &

1314 1325 1370 1358 effe
1391 1327 1625 1372 Declaravimus,
1644 1326 1747 1366 eosque
1761 1337 1793 1359 ut
1807 1327 1874 1358 tales
1886 1326 2168 1366 Condemnavimus,
2188 1329 2222 1359 ὃς
2245 1339 2299 1367 pro
2317 1330 2380 1361 tali-

1314 1363 1366 1396 bus
1386 1366 1422 1396 ab
1443 1366 1580 1397 omnibus
1602 1366 1740 1406 utriusque
1762 1365 1853 1397 Sexus
1868 1365 1976 1396 Christi
1994 1365 2139 1397 Fidelibus
2160 1366 2259 1398 haberi
2275 1367 2380 1401 Volui·

1315 1413 1378 1434 rnus
1392 1413 1476 1449 atque
1491 1405 1702 1436 Mandavimus.
2125 1439 2127 1441 ,

1349 1443 1529 1489 Inhibuimus
1545 1454 1658 1484 quoque
1673 1444 1722 1475 sub
1735 1443 1839 1475 eisdem
1855 1442 1957 1474 Poenis
1974 1442 2076 1473 eisdem
2091 1439 2199 1474 Christi
2219 1443 2363 1478 Fidelibus

1313 1491 1350 1512 ne
1365 1492 1381 1512 e
1393 1493 1423 1513 us
1437 1483 1565 1522 Scripta,
1583 1485 1668 1514 etiam
1684 1482 1817 1521 praefatos
1832 1482 1947 1512 Errores
1961 1492 2019 1512 non
2036 1483 2229 1521 continentia,
2245 1470 2380 1525 tanquarr’i

1311 1521 1349 1551 ab
1390 1523 1497 1566 'omine
1522 1522 1704 1553 Orthodoxae
1726 1521 1806 1551 Fidei
1828 1520 1954 1551 Inimico
1970 1520 2060 1559 edita,
2076 1521 2186 1558 legere,
2205 1522 2360 1560 praedicare

1313 1560 1491 1605 imprimere,
1517 1561 1562 1591 seu
1578 1560 1729 1592 defendere
1744 1583 1754 1598 ,
1783 1568 1830 1590 aut
1851 1561 1880 1590 in
1902 1559 2049 1591 Domibus
2067 1559 2114 1590 vel
2138 1560 2196 1590 aliis
2216 1561 2306 1592 Locis
2327 1548 2379 1601 pu³

1313 1598 1397 1667 ξῙιειε
1412 1600 1457 1631 vel
1473 1600 1587 1638 privatis
1602 1608 1698 1631 tenere
1715 1597 1927 1637 quoquomodo
1942 1597 2152 1637 praesumerent,
2164 1598 2211 1630 sed
2219 1598 2271 1631 Illa
2289 1611 2375 1632 corn-

1336 1647 1451 1670 urerent

1353 1661 1482 1722 ipsorqde
1497 1676 1605 1708 Christi
1627 1676 1736 1707 Fideies
1756 1675 1806 1707 sub
1825 1675 1910 1706 dietis
1934 1675 2032 1708 Poenis
2054 1674 2231 1708 Monuimus
2254 1683 2283 1710 ut
2303 1680 2378 1718 ipsos

1316 1713 1493 1757 Haereticos,
1519 1716 1673 1747 declaratos
1693 1715 1727 1746 &
1749 1714 1992 1752 condempnatos,
2018 1713 2161 1746 Mandatis
2186 1716 2292 1748 nostris
2312 1728 2376 1749 non

1316 1753 1575 1793 obtemperantes,
1593 1754 1656 1793 post
1669 1753 1774 1792 lapsum
1787 1753 1857 1783 dieti
1872 1752 2005 1783 Termini
2020 1754 2154 1785 evitarent
2170 1764 2204 1785 ac
2219 1757 2318 1787 evitari
2333 1758 2378 1788 fa-

1316 1801 1411 1824 cerent
1434 1803 1569 1831 quantum
1591 1795 1621 1824 in
1642 1795 1679 1823 eis
1699 1792 1783 1830 elset,
1804 1801 1857 1822 nec
1873 1802 1942 1822 cum
1963 1793 2002 1822 eis
2016 1791 2242 1824 Commercium
2264 1803 2310 1826 aut
2329 1796 2380 1826 ali·

1316 1841 1400 1870 quarn
1417 1832 1674 1863 Conversationem
1689 1831 1734 1862 seu
1748 1830 1999 1861 communionem
2014 1829 2167 1868 haberent,
2184 1841 2240 1862 nec
2255 1831 2306 1862 Eis
2325 1844 2379 1865 ne-

1315 1871 1432 1902 neffaria
1446 1870 1642 1902 ministrarent.

1352 1909 1388 1940 Et
1403 1920 1457 1948 pro
1471 1910 1577 1948 majore
1595 1910 1719 1940 Martini
1734 1907 1846 1945 ejusque
1861 1905 2052 1945 Complicum
2069 1907 2102 1938 δε
2120 1907 2291 1946 Fautorutn,
2312 1910 2376 1948 post

1313 1947 1422 1986 lapsum
1442 1947 1574 1978 Termini
1596 1947 1803 1977 declaratorum
1830 1945 2042 1976 Haereticorum
2062 1945 2243 1985 hujusmodi,
2262 1947 2378 1980 Confu-

1319 1986 1408 2031 fione,
1426 1986 1549 2024 eiusdem
1564 1985 1672 2017 Christi
1687 1985 1709 2015 F
1712 1984 1849 2023 idelibus,
1868 1983 2049 2022 Patriarchis,
2068 1985 2299 2024 Archiepiscopis
2337 1987 2376 2018 E.

1314 2025 1454 2064 piscopi's,
1473 2026 1506 2057 δε
1524 2025 1584 2057 aliis
1600 2024 1741 2061 Praelatis,
1758 2033 1873 2054 necnon
1888 2022 2076 2053 Ecclesiarum
2091 2022 2241 2062 Capitulis,
2259 2035 2293 2055 ac
2333 2036 2378 2057 er-

1316 2065 1388 2094 sonis
1403 2064 1604 2096 Ecclesiasticis
1625 2062 1802 2094 Secularibus
1824 2063 1857 2092 &
1881 2061 1926 2091 Re
1947 2062 2067 2092 ularibus
2087 2060 2239 2100 Exemptis
2261 2065 2295 2095 ὃ(
2317 2075 2377 2096 non

1316 2103 1482 2143 Exemptis‚
1499 2112 1532 2133 ac
1555 2102 1686 2133 universis
1709 2101 1907 2139 Principibus,
1927 2070 2083 2138 {legibum
2108 2100 2141 2131 &
2163 2099 2378 2140 Imperatorum

1315 2141 1509 2179 meritoribus,
1529 2151 1562 2172 ac
1584 2141 1643 2172 aliis
1663 2149 1730 2171 tunc
1752 2138 1898 2177 expressis,
1917 2148 1965 2176 per
1979 2138 2139 2169 universum
2154 2139 2268 2171 Orbem
2303 2152 2378 2180 prae-

1314 2182 1410 2212 sertim
1434 2181 1461 2211 iii
1488 2179 1590 2211 eadem
1614 2178 1762 2210 Alemania
1782 2176 1959 2215 constitutis,
1985 2176 2190 2209 Mandavimus
2215 2188 2246 2210 ut
2267 2164 2321 2218 spsi
2343 2183 2376 2213 &

1313 2229 1414 2250 eorum
1437 2219 1554 2259 quilibet
1570 2221 1729 2247 Martinam
1744 2214 1911 2256 Complices
1932 2216 1966 2247 ὃς
1982 2216 2115 2246 Fautores
2137 2217 2297 2256 hujusmodi
2313 2229 2376 2256 per-

1312 2257 1440 2289 sonaliter
1462 2265 1609 2295 caperent,
1630 2256 1663 2286 &
1686 2255 1796 2294 Captos
1819 2255 1852 2284 ad
1874 2253 1997 2284 nostram
2019 2254 2176 2284 instantiam
2199 2256 2374 2296 detinerent,

1312 2297 1358 2327 vel
1381 2297 1475 2327 saltem
1496 2296 1554 2326 Eos
1574 2296 1607 2326 ὃς
1629 2303 1733 2323 eorum
1758 2292 1916 2331 quemlibet
1938 2302 1952 2322 a
1975 2291 2028 2321 suis
2043 2291 2195 2331 Ecclesiis,
2215 2293 2364 2326 Domibus

1313 2334 1513 2372 Monasteriis,
1537 2332 1754 2368 Conventibus,
1780 2330 1965 2369 Civitatibus,
1997 2329 2160 2370 Dominiis,
2187 2330 2297 2363 Castris
2338 2318 2376 2366 δῖ

1312 2373 1410 2403 Terris
1431 2373 1556 2402 omnino
1577 2369 1761 2410 expellerent,
1780 2370 1814 2400 &
1833 2368 1914 2398 Loca
1936 2378 2141 2408 quaecumque,
2159 2370 2194 2400 ad
2209 2381 2274 2409 quae
2289 2357 2375 2402 fidar-

1314 2414 1402 2440 tinum
1417 2411 1501 2449 ipfiaem
1515 2410 1561 2441 vel
1573 2409 1696 2447 aliquem
1712 2417 1746 2438 ex
1759 2406 1900 2445 praedietis
1916 2406 2057 2437 declinare
2072 2410 2267 2447 contingeret,
2275 2421 2376 2448 quani-

1312 2449 1362 2479 diu
1377 2450 1486 2479 ibidem
1503 2455 1719 2487 permanerent,
1736 2448 1769 2477 &
1787 2445 1901 2476 Triduo
1918 2444 1982 2483 post
1998 2456 2098 2476 eorum
2113 2447 2181 2478 inde
2195 2447 2355 2480 Decess'um

1311 2487 1502 2518 ecclesiastico
1523 2487 1692 2524 subjecimus
1713 2484 1870 2515 interdicto
1887 2494 1936 2524 per
1951 2484 2116 2523 Quasdam,
2134 2488 2168 2517 &
2188 2487 2308 2525 deinde,
2325 2473 2376 2527 pei·

1313 2526 1384 2557 Nos
1399 2534 1520 2563 accepto
1537 2524 1635 2564 quod,
1654 2524 1721 2554 licet
1739 2524 1768 2554 in
1785 2524 1929 2554 nonnullis
1945 2522 2113 2554 Civitatibus
2134 2525 2168 2555 δε
2185 2525 2273 2556 Locis
2288 2528 2376 2558 dietae

1314 2565 1472 2596 Alemaniae
1489 2564 1569 2595 Libri
1589 2564 1622 2595 ἃ
1635 2562 1773 2601 Scipturae
1796 2562 1867 2592 dicii
1887 2565 2010 2591 Martini
2025 2563 2107 2600 juitta
2124 2562 2264 2596 Mandata
2277 2566 2373 2599 nostra

1315 2605 1435 2635 cremati
1454 2603 1584 2640 fument,
1602 2610 1698 2632 tamen
1721 2600 1771 2639 ipse
1788 2603 1947 2639 Martinus,
1966 2602 1996 2631 in
2011 2602 2165 2638 reprobum
2191 2602 2308 2635 Sensum
2323 2605 2375 2638 da-

1314 2651 1379 2682 tus,
1391 2653 1452 2673 non
1473 2642 1567 2672 solum
1581 2640 1697 2671 Errores
1717 2640 1779 2670 suos
1800 2640 1869 2670 intra
1891 2637 2037 2678 praefixum
2053 2639 2231 2672 Terminum
2254 2653 2373 2675 revoca-

1313 2691 1359 2719 re,
1381 2682 1415 2713 ὅ(
1436 2680 1472 2712 de
1494 2680 1694 2711 Revocatione
1712 2677 1870 2716 hujusmodi
1891 2677 1956 2708 Nos
1979 2678 2112 2709 certiores
2134 2678 2246 2718 facere,
2269 2682 2315 2712 seu
2336 2682 2372 2714 ad

1314 2720 1384 2750 Nos
1405 2721 1500 2751 venire
1521 2718 1742 2756 contempserat,
1766 2716 1811 2747 sed
1831 2718 1933 2755 etiarn,
1960 2724 2095 2754 tanquam
2117 2717 2200 2749 Petra
2222 2720 2353 2752 scandali

1315 2758 1414 2797 Pejora
1429 2759 1576 2797 Pejoribus
1598 2766 1696 2787 contra
1716 2756 1789 2786 hanc
1811 2754 1943 2786 Sameram
1960 2755 2064 2785 Sedem
2085 2757 2119 2787 ὃς
2136 2756 2235 2787 Fidem
2259 2744 2372 2790 Cath03

1313 2798 1399 2828 licam
1418 2797 1554 2835 scribere,
1573 2795 1744 2834 praedicare,
1761 2795 1793 2824 &
1813 2794 1880 2824 alios
1901 2793 1936 2824 ad
1960 2793 2017 2823 hoc
2038 2794 2188 2832 inducere,
2205 2806 2238 2827 ac
2255 2795 2359 2828 Libros

1313 2836 1427 2867 Errores
1448 2836 1599 2874 praedictos
1624 2835 1800 2866 continentes
1813 2854 1823 2869 ,
1847 2832 1976 2870 imprimi
1996 2833 2029 2863 &
2051 2832 2087 2862 ad
2109 2832 2217 2864 diversa
2244 2821 2370 2874 Regna'

1313 2885 1344 2907 ut
1367 2875 1434 2905 alios
1455 2875 1504 2906 suo
1519 2874 1640 2906 Veneno
1664 2871 1790 2902 inficeret
1812 2870 1846 2901 δε
1867 2872 1902 2900 ad
1917 2869 2092 2900 Gehennam
2115 2871 2252 2911 traheret,
2265 2861 2369 2906 deferri

1314 2916 1407 2945 iacere
1427 2924 1486 2944 non
1507 2913 1596 2943 fuerat
1610 2912 1728 2949 veritus,
1743 2920 1791 2948 per
1807 2908 1938 2947 Reliquas
1952 2908 2058 2938 nostras
2073 2908 2191 2940 Litteras
2208 2915 2370 2944 Martinum

1312 2953 1394 2991 ipsimi
1418 2955 1450 2985 &
1471 2952 1568 2990 Alios,
1586 2951 1634 2990 qui
1657 2949 1731 2980 Eum
1753 2949 1838 2979 etiam
1856 2947 1987 2977 Praelidio
2008 2947 2122 2978 militari
2141 2948 2294 2981 defendere
2315 2962 2368 2984 cu·

1313 2992 1416 3023 stodire
1436 2992 1468 3022 &
1490 2991 1607 3029 propriis
1621 2986 1805 3019 Facultatibus
1823 2986 1868 3016 vel
1890 2986 1957 3016 alias
1981 2985 2198 3024 quomodolibet
2218 2988 2370 3022 sustentare

1312 3041 1371 3061 non
1393 3030 1577 3066 verebantur,
1594 3038 1629 3060 ac
1645 3027 1789 3057 Auxilium
1800 3047 1808 3062 ,
1826 3024 2003 3062 Consilium,
2021 3025 2066 3054 vel
2082 3024 2222 3057 Favorern
2236 3027 2272 3058 Ei
2293 3039 2367 3069 prae-

1312 3069 1382 3100 stare
1402 3068 1607 3108 praesumebant
1622 3090 1631 3105 ,
1655 3074 1780 3106 quorum
1804 3064 1937 3094 omnium
1961 3063 2095 3094 Nomina
2117 3064 2213 3095 haberi
2236 3067 2368 3098 volumus

1313 3119 1365 3146 pro
1390 3106 1535 3145 expressis,
1561 3116 1594 3137 ac
1622 3105 1641 3135 si
1662 3103 1833 3134 nominatim
1852 3102 2091 3140 exprimerentur,
2118 3102 2369 3137 Excommunica-

1312 3148 1397 3178 tionis
1410 3157 1442 3176 ac
1458 3145 1652 3176 Anathematis
1672 3152 1785 3173 necnon
1801 3141 2012 3171 Maledictionis
2031 3150 2144 3172 aeternae
2159 3144 2193 3174 &
2208 3142 2369 3184 Interdiffl,

1312 3196 1345 3217 ac
1368 3187 1396 3215 in
1411 3185 1465 3215 Eos
1486 3185 1518 3215 δε
1539 3193 1640 3214 eorum
1656 3180 1864 3211 Descendentes
1879 3179 2060 3218 Dignitatum
2076 3179 2232 3212 Honorum
2253 3183 2287 3213 &
2308 3183 2368 3214 Bo-

1313 3234 1415 3255 norum
1436 3223 1604 3253 Privationis
1625 3223 1658 3253 &
1680 3219 1861 3250 Inhabilitatis
1877 3241 1887 3256 ‚
1912 3219 1947 3249 ad
1969 3218 2014 3248 illa
2035 3227 2069 3248 ac
2093 3219 2158 3248 alias
2185 3219 2339 3252 Sententias
2355 3244 2367 3260 ,

1314 3262 1465 3300 CensuraS,
1484 3263 1517 3293 &
1531 3261 1654 3297 Poenas,
1673 3260 1758 3288 etiam
1779 3259 1807 3287 in
1822 3257 1985 3287 Haeretioes
2006 3267 2022 3286 a
2042 3257 2121 3287 sacris
2140 3257 2308 3290 Canonibus
2323 3261 2366 3290 in-

1312 3302 1417 3339 flfflias,
1435 3299 1630 3330 damnabiliter
1642 3296 1769 3328 incidisse
1782 3296 1998 3327 Declaravimus
2008 3318 2017 3333 ,
2033 3304 2118 3333 prout
2133 3297 2162 3326 in
2178 3297 2291 3335 singulis
2307 3298 2368 3329 Lit-

1312 3341 1379 3371 turis
1400 3338 1539 3377 praediffls
1558 3337 1666 3376 plenius
1680 3336 1852 3366 continetur.

1351 3378 1431 3407 Cum
1453 3386 1547 3408 autem
1564 3376 1646 3406 Libri
1657 3374 1723 3405 dicei
1740 3376 1864 3404 Martini
1878 3371 2008 3410 Impressi
2030 3372 2065 3403 ad
2087 3371 2222 3413 Regnum
2242 3374 2276 3404 &
2299 3372 2367 3404 Do-

1315 3418 1403 3446 minis
1424 3416 1567 3448 Cariffirni
1587 3416 1617 3445 in
1640 3413 1758 3444 Christo
1778 3412 1842 3442 Filii
1864 3412 1952 3442 nostri
1973 3414 2086 3441 Henri'ci
2096 3411 2209 3448 Angliae
2231 3413 2308 3448 Regis
2327 3412 2367 3443 Il-

1314 3455 1418 3493 lustris,
1436 3465 1468 3487 ut
1489 3454 1668 3492 accepimus,
1687 3452 1768 3482 delati
1790 3451 1909 3489 fuerint,
1927 3450 2064 3489 nobisque
2079 3450 2274 3487 persuademus
2287 3451 2367 3488 quod

1314 3494 1373 3524 tam
1396 3497 1457 3524 Rex
1473 3493 1540 3533 ipft,
1557 3492 1646 3531 quam
1666 3490 1867 3529 Circumspefflo
1883 3498 1948 3526 tua,
1967 3500 2031 3528 quae
2053 3490 2082 3519 in
2101 3487 2156 3517 isto
2177 3486 2280 3525 Regno
2305 3489 2366 3520 Le-

1316 3534 1437 3569 gationis
1458 3531 1571 3563 Officio
1594 3529 1717 3569 fungitur
1730 3551 1739 3563 .,
1765 3529 1857 3559 (116103
1886 3528 1988 3559 Libros
2001 3529 2080 3566 juxta
2110 3523 2248 3555 Mandata
2270 3527 2366 3559 nostra

1314 3572 1446 3602 comburi
1466 3571 1559 3602 facere
1579 3569 1697 3606 debeat,
1717 3568 2002 3605 Prohibuerimuique
2020 3566 2058 3595 ne
2079 3562 2159 3592 Libri
2180 3563 2230 3601 ipfi
2243 3586 2253 3602 ,
2276 3565 2366 3597 Erro-

1315 3619 1358 3640 res
1375 3609 1533 3646 huiusmodi
1555 3609 1747 3645 continentes,
1764 3617 1779 3637 a
1801 3616 1944 3646 quoquam
1962 3607 2134 3642 legerentur,
2158 3603 2192 3633 &
2216 3612 2364 3643 propterea

1315 3649 1444 3679 nonnulli
1460 3671 1469 3687 ,
1497 3646 1622 3679 Stimulo
1644 3645 1835 3677 Conscientiae
1854 3645 1950 3681 dussii,
1983 3650 1999 3672 a
2027 3640 2182 3670 Librorum
2203 3639 2366 3680 hujusmodi

1316 3686 1456 3717 Leitione
1477 3687 1656 3723 abstineant,
1680 3684 1841 3716 dubitantes
1865 3680 2010 3712 Mandatis
2032 3678 2131 3722 nostris
2151 3682 2367 3721 contravenire,

1314 3725 1359 3755 seu
1382 3725 1517 3756 Censuras
1537 3725 1566 3754 in
1587 3723 1688 3755 nostris
1711 3723 1826 3754 Litteris
1847 3727 1993 3751 contentas
2013 3716 2182 3754 hujusmodi
2201 3719 2342 3752 incurrere
2355 3743 2368 3760 ,

1316 3762 1478 3802 Mentisque
1497 3763 1601 3794 nostrae
1624 3772 1683 3793 non
1703 3761 1786 3792 fuerit
1799 3759 1950 3798 prohibere
1964 3754 2136 3787 Leetionem
2150 3755 2296 3788 dictorum
2315 3759 2368 3790 Li-

1313 3802 1431 3832 brorum
1455 3802 1506 3832 illis
1528 3802 1578 3839 qui
1598 3810 1648 3831 eos
1668 3800 1714 3837 pia
1733 3807 1829 3830 mente
1847 3797 1969 3835 legerent
1987 3802 2020 3825 ut
2033 3792 2152 3824 Errores
2170 3794 2201 3824 in
2222 3795 2275 3827 illis
2288 3806 2365 3830 con..

1312 3849 1404 3871 tentos
1419 3839 1584 3879 Reprobare
1597 3840 1631 3870 &
1646 3837 1805 3869 Confutare
1818 3836 1947 3873 possent,

1350 3878 1392 3908 Ea
1413 3888 1529 3917 propter
1541 3877 1715 3909 Attestamur
1737 3877 1772 3908 &
1786 3873 1971 3904 Declaramus
1986 3866 2097 3901 Mentis
2113 3870 2218 3903 nostrae
2233 3873 2316 3906 fuiffi:
2329 3875 2365 3907 δι’

1312 3917 1369 3948 effe
1388 3918 1468 3958 quod
1488 3918 1637 3953 omnibus,
1657 3915 1757 3945 Libros
1773 3913 1846 3951 ipsos
1867 3909 2019 3953 legere-&—
2033 3908 2067 3939 ad
2089 3909 2218 3942 Laudem
2239 3912 2300 3943 Dei
2324 3921 2361 3944 ac

1313 3955 1474 3986 Catholicae
1491 3956 1572 3986 Fidei
1585 3954 1742 3984 Honorem
1757 3950 1872 3982 Error&
1892 3951 1922 3980 in
1940 3947 2034 3979 Libris
2049 3947 2111 3985 ipsis
2129 3958 2283 3982 contentos
2297 3948 2361 3982 Re⁴

1312 3995 1430 4031 probare
1449 3996 1484 4026 &
1497 3993 1655 4028 confutare
1669 3989 1842 4026 volentibus,
1858 3987 1926 4021 mos
1944 3987 2038 4024 legere
2060 3987 2160 4026 liceat,
2290 4029 2324 4057 c·

2311 4035 2353 4057 ,r-

2434 1301 2504 1331 7432
