2542 4274
118 198 231 227 lcannem
244 190 412 232 Trigunwell
429 189 499 221 dieti
516 187 604 227 Regis
619 186 733 225 Angliae
748 197 763 218 a
789 185 936 223 Consiliis,
956 186 988 216 &
1009 180 1171 227 Ricbardum

118 239 219 266 Gwent
234 233 331 263 Curi-a:
347 229 574 267 Metropoliticae
587 224 790 258 Cantuarienfis
802 223 967 256 Officialem
976 219 1174 264 Principalem,

119 273 256 311 sepedicti·
269 268 446 301 iilustriffimi
467 271 543 305 Regis
558 264 668 303 Angliae
691 265 829 296 Oratores
845 265 878 294 &
899 259 1119 292 Commissarios
1139 266 1173 287 ex

135 314 199 342 ltci‘a
216 311 294 340 Parte
1055 335 1060 340 .
1117 334 1122 339 ·

118 325 131 344 a
156 350 212 379 ΤΕ
223 358 234 378 s
245 331 362 377 TA'TU
373 355 398 376 R
416 345 511 385 quod,
530 347 601 377 inter
614 344 706 375 <fletos
729 340 862 382 Oratores¹
883 338 915 367 δε
938 333 1170 371 commissarios,

121 387 301 419 Nominibus
323 385 467 415 diciorum
494 383 746 415 illustrissimorum
768 378 934 420 Prmmpum
949 398 958 411 ,
982 374 1174 417 Conventum

123 425 341 456 Concordatum
363 424 396 454 &
417 422 595 454 Conclusum
618 421 659 452 est
682 417 759 458 quod
780 415 872 444 dietus
895 412 1094 456 Illustriffirrius
1115 415 1175 440 Rex

124 462 253 501 Angliae,
273 473 324 501 pro
339 461 528 492 declaratione
542 459 727 492 Gratitudinis
744 451 950 494 Benevolentiae
962 451 994 481 &
1009 459 1118 481 intimae
1135 450 1174 478 A·

125 503 243 533 niicitiae
254 526 262 538 ,
282 511 348 539 quas
359 509 423 539 erga
436 500 545 530 dietum
562 497 774 539 Illustriffimum
793 492 826 522 &
838 489 1043 519 Charissimum
1053 489 1177 533 Fratrem

124 543 157 571 ὅ(
171 540 321 579 Nepotem
336 540 415 569 suum
429 542 522 575 Regem
536 540 631 568 Scotiae
644 542 713 574 gei-it
726 533 759 562 &
782 529 868 558 habet
879 550 887 565 ,
910 530 1026 557 Domum
1051 525 1174 556 Habita-

126 583 224 608 tionem
225 578 288 619 five
297 577 472 608 Fortalitium
487 577 519 606 de
527 577 716 611 Eddringtonn
729 566 1084 612 vocatumUCAQWMVLLIS
1094 587 1103 602 ,
1123 575 1176 608 una

123 627 192 646 cum
208 617 342 648 omnibus
356 618 388 646 ὃ(
411 616 522 654 singulis
541 614 637 644 Terris
653 612 685 640 &
709 609 886 640 Pertinentiis
905 606 1027 650 ejusdem
1038 626 1047 641 ,
1063 612 1128 640 quae
1146 613 1176 633 in

123 656 226 686 ultimo
241 655 320 686 Bello
332 655 423 685 dietus
438 652 636 683 lllustriffimus
648 652 707 679 Rex
720 645 998 690 Ang-liaetacquisiwt.
1008 644 1042 673 &
1062 641 1176 686 adeptus

123 694 177 724 fuit
190 715 199 731 ,
214 695 283 725 infra
298 693 406 731 Viginti
428 692 498 722 Dies
514 691 577 728 post
596 689 697 718 Datam
713 686 897 717 Praelennum
919 691 1049 723 proxime
1067 681 1101 710 &
1121 690 1177 724 im-

123 733 246 762 mediate
260 732 419 769 sequentes,
438 730 518 759 dieto
531 726 714 757 Sei-eniffimo
733 728 797 762 Regi
813 725 905 753 Scotiae
920 730 967 752 aut
990 719 1110 761 praefatis
1128 719 1178 748 suis

122 771 308 807 Oratoribus,
326 778 462 799 eorumve
480 767 573 803 alteri,
592 765 637 794 vel
661 763 811 794 Gardiano
828 761 1023 792 Merchiarum
1046 757 1179 801 Orienta-

122 810 192 839 lium
208 808 303 845 Regni
317 809 423 838 Scotiae
438 806 528 843 ejusve
547 804 692 840 Deputato
705 810 749 832 aut
770 801 936 837 Deputa'tis,
953 799 1040 828 tradet
1061 796 1094 826 &
1110 797 1179 826 deli-

79 868 83 872 <
124 848 233 877 berabit
250 847 295 877 seu
310 847 346 875 sic
365 845 434 875 tradi
451 845 482 875 δε
506 842 652 874 deliberari
669 842 770 877 faciet,
790 849 836 876 per
857 839 919 868 suos
945 835 1111 872 Ministros,
1131 843 1178 865 aut

12 2245 91 2273 xiv.

0 3300 74 3330 Ann.
88 3298 127 3328 D.

0 3346 104 3404 ff&

0 3418 28 3440 H
31 3438 34 3440 ,
50 3414 76 3440 S.

1 3456 41 3477 Ex
65 3455 116 3478 Aa·

0 3496 61 3525 ngr.

121 887 205 916 alium
221 893 433 923 quemcumque
447 884 503 919 ejus
517 881 687 917 Subditum,
705 889 754 917 per
767 879 879 908 dietum
894 875 1109 918 Sereiiiffimum
1124 876 1177 918 Re-

122 935 181 961 gem
197 927 288 953 Scotiae
304 922 419 961 suosque
435 920 557 952 Vasallos
573 920 604 949 &
619 919 751 960 Subditos
765 916 963 959 quoscunque,
983 913 1089 951 quibus
1105 913 1180 957 dieta

125 962 241 992 Domus
255 962 286 991 &
301 961 401 990 Terrae
419 969 488 989 cum
512 957 687 988 Pertinentiis
704 955 862 993 hujusmodi
883 962 946 984 ante
971 960 1082 990 tempus
1107 951 1178 982 dieti

121 1000 191 1031 Belli
214 1000 374 1036 spectabant
395 1000 427 1030 &
445 998 637 1037 pertinebant,
653 993 770 1036 pacifice
792 995 825 1024 &
847 989 1122 1035 quiete-possidenda
1144 992 1178 1020 &

121 1038 270 1069 detinenda
281 1059 290 1074 ,
306 1039 409 1075 absque
424 1043 590 1074 quacunque
607 1032 735 1075 molesta
747 1031 873 1070 dampno
885 1039 932 1062 aut
945 1039 1042 1073 injuria
1062 1028 1178 1058 Inhabi-

123 1077 259 1108 tatoribus
273 1075 438 1106 Cultoribus
453 1083 498 1105 aut
518 1071 720 1103 Poffeiioribus
733 1069 918 1105 eorumdem,
935 1077 983 1107 per
1003 1067 1118 1098 dic‘tum
1143 1066 1179 1096 ll-

124 1115 318 1145 lustriffimum
333 1118 428 1149 Regem
444 1111 575 1148 Angliae,
597 1109 730 1139 Vaffiillos
744 1109 799 1138 five
821 1107 978 1137 Subsiditos
1000 1106 1094 1144 Regni
1116 1105 1177 1135 An·

123 1153 204 1192 gliae,
220 1162 268 1183 aut
283 1152 468 1182 inhabitantes
485 1150 586 1180 Villam
604 1150 635 1179 ὃς
658 1146 793 1190 Castrum
810 1145 945 1189 'Bervicae'
968 1144 1180 1183 quoscumque,

124 1191 341 1231 quomodolibet
356 1189 543 1227 perpetrandis
556 1185 735 1217 admittendis
748 1185 793 1215 seu
809 1185 970 1215 inferendis.

159 1230 197 1259 Et
212 1228 288 1265 quod
302 1228 410 1264 insuper
423 1228 610 1258 Conventum
626 1224 850 1254 Concordatum
869 1224 901 1254 &
925 1221 1103 1252 Conclusum
1122 1219 1180 1258 est,

121 1270 192 1297 inter
209 1267 343 1297 Oratores
359 1268 392 1297 ὅ(
410 1265 631 1295 Commiffarios
647 1263 815 1300 praedictos,
835 1262 913 1300 quod
927 1271 984 1291 non
1002 1259 1181 1290 obstantibus

121 1306 334 1343 quibuscunque
356 1305 488 1334 Articulis
502 1304 556 1333 sive
577 1301 730 1340 Capitulis,
748 1301 957 1338 comprehensis
979 1300 1012 1330 &
1037 1301 1180 1330 contentis

121 1345 147 1372 in
165 1343 193 1371 T
197 1347 296 1373 ractatu
313 1351 453 1380 perpetuae
470 1341 549 1372 Pacis
561 1350 637 1371 nunc
654 1341 752 1371 ultime
768 1341 839 1370 inter
850 1339 944 1369 dietos
957 1338 1091 1369 Oratores
1105 1338 1179 1368 Inito

123 1383 156 1412 &
176 1380 340 1418 Concluso,
357 1389 402 1410 aut
423 1381 453 1409 in
469 1380 604 1417 aliquibus
624 1379 682 1409 aliis
703 1379 841 1417 prioribus
864 1378 894 1407 T
897 1378 1065 1414 rattatibus,
1086 1377 1182 1415 Ligis,

122 1420 262 1458 Treugis,
279 1428 324 1449 aut
342 1419 483 1450 Bellorum
500 1418 688 1450 Abstinentiis
700 1429 765 1450 ante
780 1418 843 1447 haec
857 1425 987 1453 tempora
1001 1416 1074 1446 inter
1088 1416 1180 1446 dictos

123 1457 268 1495 Principes
282 1458 436 1489 contraitis
449 1459 482 1487 &
497 1458 588 1496 initis,
607 1458 728 1488 maxime
740 1458 790 1487 illis
803 1466 868 1494 quae
881 1464 1056 1487 concernunt
1071 1456 1104 1485 &
1116 1465 1182 1492 pro-

123 1496 220 1527 hibent
236 1496 441 1527 Detentionem
456 1495 618 1527 Rebellium
634 1504 680 1526 aut
695 1496 880 1527 Proditorum
895 1504 941 1526 aut
952 1495 983 1524 de
990 1498 1107 1525 Crimine
1116 1496 1182 1525 Lae-

117 1535 159 1573 sie
179 1534 333 1574 Majestatr's
348 1536 539 1573 suspectorum
550 1558 558 1573 ,
577 1537 652 1566 bene
659 1535 738 1567 liceat
753 1534 891 1566 &licebit
906 1534 984 1564 dieto
996 1532 1182 1564 Illustrissimo

122 1577 188 1610 Regi
209 1572 337 1611 Angliae,
355 1574 490 1612 quamdiu
505 1575 640 1612 voluerit,
656 1576 772 1606 durante
796 1581 927 1610 tempore
941 1573 1027 1604 didiae
1042 1581 1183 1611 perpetuae

122 1612 206 1643 Pacis
220 1611 368 1642 Tradimus
383 1614 416 1643 &
432 1612 626 1651 Concordiae,
645 1612 844 1645 Archibaldum
856 1612 929 1642 olim
944 1615 1072 1642 Comitem
1086 1615 1184 1648 Angu-

117 1650 186 1691 Jiae,
204 1653 341 1688 Georgium
355 1651 474 1689 Douglas
493 1653 549 1689 ejus
570 1652 710 1691 Fratrem,
730 1654 762 1683 δε
781 1650 977 1680 Archibaldum
996 1648 1117 1686 Douglas
1136 1661 1186 1681 eo-

124 1688 255 1719 rumdem
274 1690 478 1730 Avunculum,
497 1691 525 1720 in
547 1690 596 1720 suo
620 1691 724 1729 Regno
747 1690 879 1727 Angliae,
898 1689 1009 1727 aliisque
1032 1688 1130 1718 Terris
1147 1689 1180 1719 &

127 1728 276 1758 Dominiis
290 1728 341 1757 irbi
356 1728 496 1766 Subjecstis
512 1729 627 1768 habere,
648 1730 772 1767 recipere
785 1752 794 1765 ,
812 1728 933 1759 detinere
949 1751 957 1765 ‚
983 1737 1185 1764 manutenere,

126 1767 338 1797 intertenere&
351 1766 465 1797 alere&
475 1774 607 1805 tanquam
622 1768 684 1798 suos
692 1767 828 1798 Subditos
845 1767 977 1803 traCtare,
992 1765 1025 1795 ὅ(
1040 1765 1118 1796 sicali
1130 1765 1184 1795 sive

128 1804 240 1836 tractari
253 1806 416 1841 permittere
431 1806 462 1837 &
481 1805 631 1845 mandare,
648 1806 681 1836 &
694 1807 771 1845 quod
790 1814 836 1842 per
858 1803 1019 1842 hujusmodi
1037 1803 1186 1835 Retentio-

127 1853 214 1881 nem,
241 1842 462 1881 Detentionem,
486 1842 756 1884 Manutentionem,
775 1852 823 1874 aut
844 1842 1080 1874 intertentionem
1095 1864 1105 1880 ,
1125 1851 1185 1870 non

127 1882 295 1923 derogetur,
313 1891 366 1912 nec
381 1882 549 1919 derogatum
562 1883 618 1914 eise
628 1885 769 1915 censeatur
784 1882 867 1914 dictis
882 1882 1062 1914 Tractatibus
1076 1890 1123 1911 aut
1135 1889 1186 1909 eo-

127 1930 190 1951 rum
209 1920 290 1949 alicui
303 1920 391 1958 aliqua
405 1922 433 1950 in
450 1930 542 1960 parte,

165 1958 206 2001 Ita
224 1967 319 2000 tamen
342 1958 434 1996 quod,
455 1959 474 1988 si
489 1961 654 2000 contingat,
672 1960 736 2000 post
761 1962 864 1992 batam
892 1959 1074 1992 Praesentiurn
1094 1957 1185 1999 (quod

128 1997 208 2041 abiu)
229 1997 338 2040 C0¹dejm
355 1998 481 2040 Dl'aefistqs
498 2000 577 2029 viros
594 2009 638 2030 aut
653 2011 752 2030 eorum
773 2003 894 2037 aliquem
916 2003 943 2031 in
962 2002 1095 2039 Regnum
1113 2000 1186 2030 Sco-

131 2045 180 2080 tiae
195 2034 322 2078 I.¹³g¹'e.d¹²
340 2037 371 2066 δε
390 2035 603 2079 Habitatoribus
620 2038 726 2070 Incolis
746 2040 837 2079 Legiis
861 2040 916 2069 five
935 2040 1062 2071 Subditis
1087 2036 1187 2074 Regni

131 2074 237 2117 δραμε
250 2074 372 2117 aliquam
388 2073 523 2112 InJuriam
549 2076 720 2115 Dampnum
739 2078 794 2107 live
819 2077 982 2108 Molestiam
1004 2079 1122 2115 inferre,
1140 2084 1186 2106 aut

128 2122 280 2156 quicquam
295 2112 368 2143 aliud
384 2123 482 2144 contra
497 2116 703 2146 continentiam
724 2125 771 2146 aut
787 2116 925 2148 effi-«stum
945 2117 1030 2147 dicto:
1046 2124 1186 2154 perpetu-B

129 2150 208 2180 Pacis
223 2150 303 2196 Ligae
319 2153 350 2182 ὃς
370 2151 667 2184 Amiciriae'srastatus
682 2154 772 2185 facere
785 2165 829 2185 aut
843 2165 1025 2194 attemptare,
1044 2155 1115 2185 infra
1126 2154 1187 2183 Re-

127 2199 215 2228 gnum
232 2189 337 2219 Scotite
352 2199 398 2220 aut
412 2189 558 2222 Merchias
574 2192 654 2222 Fines
671 2193 726 2223 sive
745 2194 863 2223 Limites
876 2195 1012 2232 ejusdem,
1031 2195 1063 2226 ὅ(
1080 2195 1107 2223 in
1126 2192 1188 2221 Re-
1235 2191 1242 2194 ”

129 2237 218 2274 gnum
238 2229 365 2271 Angliae,
384 2228 544 2266 aliquamve
557 2230 696 2269 Terram,
711 2241 757 2262 aut
774 2231 952 2262 Dominium
966 2232 1081 2270 aliquod
1102 2236 1116 2247 ¹*
1134 2234 1188 2260 Re-

129 2278 155 2303 gr
168 2266 278 2304 Anglr'ae
294 2267 451 2311 subjedhim
473 2268 569 2310 denuo
588 2279 725 2300 revertere
747 2271 779 2302 ὃς
795 2270 831 2300 Se
848 2271 998 2309 conferre,
1011 2279 1079 2301 tunc
1105 2271 1138 2301 ὃ(
1159 2270 1187 2299 in

132 2315 168 2349 eo
183 2312 243 2335 calu
261 2305 422 2343 hujusmodi
442 2305 555 2344 InJuriae
579 2308 712 2346 Dampna
731 2309 874 2340 Molestiae
898 2312 930 2341 ὃς
947 2310 1122 2349 Attemptata
1146 2317 1189 2337 re-

133 2344 279 2387 stituentur
295 2347 327 2374 ὃς
341 2344 568 2376 reformabuntur
582 2348 655 2384 juxta
675 2348 707 2377 &
721 2347 879 2378 secundum
905 2349 994 2387 Leges
1009 2349 1042 2379 &
1061 2346 1190 2378 Consue-

131 2383 240 2427 tudines
260 2381 458 2414 Merchiarum
471 2384 590 2422 Scotiae,
608 2385 720 2424 perinde
736 2396 769 2416 ac
787 2386 806 2416 fi
822 2385 910 2417 essent
925 2387 1061 2418 naturales
1073 2384 1189 2416 Subditi

132 2425 207 2457 Regis
221 2421 347 2458 Angliie3

171 2461 315 2497 Quodque
333 2467 450 2502 uterque
472 2458 618 2490 dierorum
637 2461 807 2498 Principum
831 2463 976 2499 praesentes
1001 2462 1118 2493 Litteras
1141 2461 1189 2492 In-

133 2497 256 2540 dcntatas
269 2507 422 2534 omniaque
437 2498 469 2527 &
487 2498 587 2536 singula
603 2500 631 2528 in
648 2500 687 2529 eis
701 2508 906 2537 contenta,per
914 2501 969 2530 suas
984 2500 1101 2531 Litteras
1108 2499 1192 2530 Con—

135 2537 346 2579 rirniatorias&
361 2534 563 2579 Ratificatorias
579 2537 627 2567 suo
644 2546 749 2576 magno
767 2538 866 2576 Sigillo
884 2541 1019 2573 munitas,
1038 2538 1191 2569 confirma·

134 2575 174 2605 bit
192 2577 223 2606 ἃ
242 2575 385 2605 ratiticabit
397 2574 468 2604 infra
481 2574 555 2606 Tres
567 2574 681 2606 Menses
697 2575 762 2614 post
776 2576 882 2607 Datain
896 2577 1087 2609 Praesentium.

175 2651 208 2682 Iri
225 2661 347 2692 quorum
361 2653 494 2683 omnium
510 2654 543 2684 &
561 2653 730 2692 singulorum
750 2653 851 2684 Fidem
867 2655 899 2685 ὃς
914 2653 1130 2686 Testimonium
1147 2656 1192 2686 O-

136 2702 238 2736 ramres
253 2691 380 2735 ρικτεάὶᾷί
397 2692 557 2735 hujusmodi
580 2692 744 2723 Indenturas
768 2693 909 2731 reciproce
928 2693 1143 2733 subscripserunt
1161 2697 1194 2727 &

136 2733 289 2768 iigiliarunt
306 2730 364 2760 Die
379 2729 479 2761 Menie
492 2733 524 2762 ὃς
541 2731 630 2762 Anno
642 2730 791 2768 praedictis.

173 2808 466 2837 XVILLIELMUS
484 2806 713 2837 EPISCOPUS
730 2806 1019 2838 ABERDONEN.

174 2846 296 2876 ADAM
316 2844 601 2876 OTT1RBURN.

343 2920 396 2949 Sub
415 2920 514 2957 sigillis
522 2922 712 2958 praediHorum
729 2921 966 2961 Commiffizriorum
982 2923 1014 2953 de
1033 2923 1094 2954 cera*
1113 2925 1193 2955 rubea

422 2959 596 2997 pendentibus
619 2972 637 2989 a
655 2960 796 2998 duplicibus
813 2961 903 2990 caudis
916 2970 1090 3000 pergamenae.

145 3102 288 3134 Oratores
314 3097 390 3141 mtffi
412 3109 466 3144 per
490 3101 642 3131 Senatores
667 3099 743 3131 villa:
776 3099 811 3131 de
834 3098 966 3142 Lubicke
987 3101 1031 3134 ad
1050 3104 1199 3136 Traffian-

190 3149 264 3181 dnm
295 3147 330 3180 de
362 3145 540 3194 quibusdam
563 3148 691 3191 lnjuriis
708 3171 718 3188 ‚
748 3150 878 3181 Domino
902 3152 974 3195 Regi
995 3151 1088 3184 illatis
1105 3177 1114 3192 ,
1145 3164 1199 3198 per

189 3196 357 3241 Pontificem
380 3198 558 3229 Romanum,

149 3283 290 3340 COram
307 3281 413 3317 Vobis,
431 3279 615 3310 serenissimo
635 3278 877 3319 Illustrisiimoque
898 3280 1028 3321 Principe
1045 3286 1078 3316 ὃς
1097 3286 1202 3317 Domi-

217 3332 255 3351 no
277 3323 392 3350 Henrico
410 3318 524 3356 Angliae
539 3318 576 3353 &e
591 3322 710 3349 Franciae
734 3322 802 3356 Rege
820 3320 968 3360 Defenfhre
991 3325 1064 3352 Fidei
1079 3324 1117 3358 ό·
1143 3329 1202 3355 Do-

148 3362 216 3389 mino
229 3359 366 3388 Hiberniae
383 3357 517 3387 Domino
534 3357 632 3388 nostro
647 3356 893 3396 Clementissimo,
912 3360 996 3397 Nos,
1016 3362 1140 3401 causales
1161 3363 1199 3397 ὠ,

148 3403 287 3428 Senatores
302 3396 438 3436 totiusque
451 3395 565 3426 Serranis
580 3397 658 3426 Urbis
673 3396 839 3435 Lubecanae,
855 3402 953 3435 aperti)
968 3400 1009 3430 his
1031 3400 1132 3432 Literis
1147 3412 1202 3432 no-

148 3436 207 3466 stris
219 3437 370 3466 Testamur
386 3438 418 3466 ὅ(
434 3434 633 3471 Confitemur,

187 3474 229 3504 Ex
243 3484 299 3510 quo
314 3477 397 3510 Regia
411 3473 510 3513 vestra.
527 3474 659 3511 Majessas
676 3481 766 3510 nuper
785 3473 858 3510 apud
877 3474 946 3505 Nos
960 3476 1058 3506 habuit
1077 3477 1131 3507 suae
1152 3476 1203 3508 Se-

148 3513 269 3544 renitatis
293 3512 430 3549 Legatum
456 3511 626 3543 Dominum
643 3510 771 3541 Tbomam
791 3513 922 3549 Loghium
942 3514 1104 3544 Doctorem
1119 3538 1129 3553 ,
1153 3517 1202 3554 qui

147 3551 247 3581 Nobis
264 3551 386 3587 exposuit
400 3550 511 3583 summa
519 3550 659 3591 diligentia
675 3550 831 3580 Maximam
845 3550 943 3582 vestrae
961 3552 1112 3589 Majestatis
1125 3552 1201 3583 Cau-

146 3591 219 3625 sam,
240 3589 271 3619 &
286 3589 453 3619 oraviisirnas
468 3590 582 3628 injurias
595 3589 695 3628 quibus
710 3591 845 3618 Romanus
862 3589 989 3629 Pontifex
1002 3590 1119 3620 Clemens
1139 3594 1201 3629 Sep-

147 3632 227 3657 timus
247 3610 367 3670 veiiram
390 3626 565 3665 Majestatem
591 3636 680 3666 nuper
703 3627 968 3658 innocentissimam
988 3627 1101 3666 affecit,
1119 3638 1202 3666 atque

147 3665 279 3702 praeterea
295 3664 438 3707 Articulos
453 3667 557 3704 aliquot
573 3666 715 3702 exhibuit,
734 3666 836 3702 quibus
852 3668 936 3703 Regia
955 3665 1047 3704 veslra
1069 3667 1202 3706 Majestas

148 3704 222 3770 {patin
242 3703 436 3735 innocentiam
453 3705 482 3734 iri
502 3706 597 3735 futuro
616 3703 762 3736 universali
783 3703 917 3734 Ecclesiae
937 3704 1074 3735 Concilio
1093 3705 1133 3735 est
1153 3706 1202 3736 de-

163 3750 195 3769 Cl]
210 3751 254 3770 Usa

190 3778 237 3806 De
252 3764 368 3817 q’uibus,
385 3779 516 3811 Nomine
533 3784 620 3818 Regiae
636 3780 734 3816 vestre
747 3779 930 3820 Celfitudinis,
949 3780 1072 3811 Consilia
1090 3780 1200 3818 nostra,

150 3823 231 3851 atque
253 3827 309 3853 quo
326 3818 433 3847 Animo
452 3819 480 3848 iri
501 3819 633 3855 praediCta
651 3818 744 3849 Causa
757 3827 820 3857 erga
839 3823 947 3856 Regiam
969 3819 1088 3858 vestram
1109 3821 1202 3858 MaJe-

143 3852 245 3892 starem
263 3854 364 3885 adfecti
380 3856 478 3894 simus,
496 3858 590 3894 petiit,

190 3889 288 3920 Voluit
304 3892 422 3931 denique
436 3902 466 3923 ut
481 3895 655 3924 mitteremus
672 3904 757 3934 quarn
774 3894 906 3924 citissime
922 3893 1058 3924 Nuncios
1080 3895 1112 3925 &
1128 3894 1202 3925 Ora-

151 3935 226 3958 tores
245 3927 354 3959 nostros
375 3931 409 3962 ad
423 3930 541 3969 vestram
561 3934 668 3969 Regiam
690 3932 864 3972 Majefiatem
887 3931 1018 3971 Angue,
1037 3933 1084 3972 qui
1103 3933 1202 3965 vestrae

587 90 1392 143 CONVENTIONE&

1453 87 1865 142 LITERAE‚

1218 175 1361 213 Maiestati
1377 175 1521 207 Articulos
1538 177 1605 208 vere
1619 175 1812 215 Christianos,
1830 176 1851 206 si
1873 184 1943 214 quos
1965 173 2130 206 haberemus
2153 170 2276 211 offerre,

1220 216 1417 252 Animumque
1434 216 1562 246 nostrum
1576 217 1604 246 in
1619 216 1752 254 praedic‘ta
1766 215 1857 246 Causa
1867 214 1958 253 Regia
1973 212 2110 249 indicare,
2128 211 2278 242 &Foedus

1217 264 1316 285 contra
1330 257 1479 283 Romanum
1498 253 1672 295 Pontificem,
1689 264 1778 292 quarn
1801 254 1902 292 Ligam
1924 251 2101 282 Offensivam
2121 249 2279 289 appellant,

1215 293 1334 324 sanctire
1346 292 1513 323 deberemus
1523 304 1533 331 3

1257 331 1401 368 Qamvis
1415 339 1510 361 autem
1523 330 1593 361 Nos
1606 330 1683 362 tantfi
1698 329 1853 361 Prudentia
1871 330 1905 360 &
1926 327 2070 366 Sapientia
2088 326 2197 365 praediti
2215 336 2276 357 non

1219 370 1330 406 sumus,
1348 370 1395 406 qui
1409 369 1566 408 poffimus,
1582 371 1612 399 in
1625 370 1682 399 tam
1698 369 1773 407 gravi
1796 369 1830 399 &
1852 376 1956 405 magno
1970 366 2120 404 Negotio,
2138 374 2196 396 tam
2217 365 2276 396 Po-

1219 408 1336 439 tenti&
1349 407 1474 445 Sapienti
1491 408 1563 447 Regi
1580 408 1738 444 consulere,
1756 406 1793 437 ne
1815 414 1910 436 tamen
1931 405 2074 434 videamur
2087 404 2170 442 justas
2185 406 2275 440 Regia·

1221 444 1377 484 Majestatrs
1396 446 1499 476 Preces
1513 447 1672 485 negligere,
1690 446 1735 476 vel
1757 444 1877 475 Causam
1891 443 2016 480 alioquin
2037 445 2179 480 optimam
2201 452 2277 473 con-

1220 493 1348 517 temnere

1258 508 1462 553 Ordim'ivimus
1484 522 1517 553 δε
1537 522 1681 560 Elegimus
1701 521 1835 560 Egregios
1857 520 1891 551 &
1914 518 2044 550 sinceros
2059 517 2144 550 Viros
2167 519 2278 551 Domi-

1221 571 1291 592 num
1307 561 1440 590 Othonem
1452 561 1548 590 Adam
1564 562 1686 590 Pacaeum
1706 561 1844 598 utriusque
1854 558 1928 596 Juris
1953 557 2117 588 Doctorem
2130 580 2139 595 ,
2156 558 2278 588 Gerhar=

1221 602 1283 630 dum
1298 600 1458 636 Adinberg,
1477 598 1515 634 ὠ·
1529 597 1688 636 Johannem
1702 598 1737 627 ab
1752 597 1866 636 Elpergo
1884 597 2031 628 Senatores
2042 594 2134 626 Urbis
2149 595 2278 628 Lubeca-

1222 649 1266 669 nae
1283 639 1315 668 &
1332 638 1471 668 Consules
1487 637 1722 676 nostros,quibus
1737 636 1872 666 omnibus
1885 637 1918 667 &
1932 634 2041 674 singulis
2055 633 2172 672 plenum
2188 633 2278 667 Man-

1221 678 1318 707 datum
1341 676 1502 713 Dedimus,
1526 677 1559 707 ὅ(
1584 675 1684 705 harum
1711 674 1868 705 Literarum
1889 675 1987 712 vigore
2011 673 2111 703 damus
2133 673 2226 711 quod,
2247 677 2278 705 in

1221 715 1335 746 Nostro
1350 718 1382 746 &
1405 716 1490 744 totius
1503 713 1633 745 Civitatis
1649 714 1811 743 Lubecanae
1826 712 1976 750 Nomine,
1993 712 2100 742 debent
2120 712 2154 742 ad
2168 716 2279 752 Regiam

1221 754 1340 792 vestram
1356 753 1531 822 Majeieatem
1546 763 1632 791 quarn
1655 752 1740 782 citius
1756 751 1783 781 se
1804 751 1948 789 conferre,
1963 752 1996 782 &
2019 750 2118 781 vestrae
2138 751 2282 790 Majestati

1222 793 1365 823 Animum
1381 802 1420 822 no
1448 802 1509 822 rum
1522 792 1604 830 plane
1619 791 1765 828 syncerum
1788 789 1820 820 &
1843 789 2123 827 obsequentissimum
2140 791 2282 830 indicare,

1221 832 1255 860 ad
1272 831 1416 861 Articulos
1428 840 1476 869 per
1499 830 1663 860 Doctorem
1683 828 1812 858 Thomam
1830 828 1930 858 Nobis
1952 827 2098 866 porretstos
2113 829 2211 870 vestrae
2226 833 2280 859 Re-

1219 873 1270 906 giae
1292 872 1344 898 Ma
1351 869 1436 910 'astari
1450 867 1633 906 respondere,
1653 875 1735 905 atque
1749 866 1875 896 Consilia
1890 865 1982 896 nostra
1997 867 2025 895 in
2041 877 2072 897 ea
2089 866 2154 906 Re,
2172 869 2280 900 etiamsi

1223 911 1317 943 inepta
1345 909 1407 938 orte
1423 906 1490 944 sint,
1510 906 1608 938 vestrae
1623 904 1789 936 Celsitudini
1803 914 1862 933 non
1876 904 2029 943 denegare,

1260 947 1396 976 Praeterea
1411 945 1552 975 Articulos
1566 954 1640 975 verae
1656 943 1829 982 Religionis,
1846 943 1879 972 δε
1902 942 1940 972 fic
1962 942 2041 973 Fidei
2059 942 2164 974 nostrae
2185 955 2282 977 veram

1223 986 1257 1016 &
1272 993 1368 1023 puram
1386 983 1624 1020 Confeffionetn,
1639 981 1738 1020 vestrae
1753 979 1898 1019 Majestati
1911 979 2030 1019 offerre,

1261 1025 1355 1061 Atque
1371 1022 1476 1053 Foedus
1494 1032 1594 1053 contra
1607 1024 1755 1051 Romanum
1769 1019 1943 1058 Pontificem,
1961 1020 1995 1050 &
2009 1019 2203 1058 quoscumque
2224 1023 2281 1052 im-

1224 1063 1285 1100 pios
1299 1060 1477 1092 Successores
1498 1061 1645 1091 Doctores
1663 1068 1822 1097 eorumque
1841 1058 1964 1088 Amicos
1984 1058 2017 1088 &
2039 1058 2192 1096 Fautores,
2209 1069 2279 1091 cum

1224 1104 1306 1138 Regia
1319 1099 1411 1139 vestra
1426 1099 1574 1140 Alqjestate
1587 1098 1731 1136 Sani-stite,

1260 1139 1425 1176 Omniaque
1441 1138 1534 1168 facere
1548 1147 1611 1176 quae
1634 1135 1829 1175 Regiatvestra
1853 1133 1986 1174 Majestas
2013 1134 2107 1165 sanet&
2128 1144 2214 1172 atque
2232 1138 2281 1173 pie

1224 1177 1258 1207 ad
1279 1178 1340 1215 ipsis
1355 1177 1552 1214 postulaverit,
1572 1176 1715 1212 praecipue
1727 1184 1790 1212 quae
1809 1175 1838 1203 in
1856 1173 1990 1204 Gloriam
2003 1172 2062 1205 Dei
2077 1175 2206 1212 &Regiae
2215 1177 2283 1205 Ma-

1218 1215 1326 1254 jestatis
1341 1215 1496 1245 Honorem
1508 1214 1630 1252 spe&are
1646 1213 1836 1251 videbuntur,

1262 1253 1303 1284 Ita
1320 1262 1415 1284 tamen
1428 1255 1466 1284 ne
1484 1253 1654 1283 Romanum
1669 1251 1826 1289 Imperium
1846 1250 1998 1289 laedamus,

1262 1292 1389 1322 Podhaec
1403 1292 1507 1323 debent
1523 1292 1621 1327 Legati
1635 1289 1722 1320 nostri
1738 1290 1869 1328 praedicti
2036 1289 2120 1319 etiam
2136 1289 2284 1322 Mercato-

1223 1341 1287 1361 rum
1311 1330 1528 1398 Gerganorum
1549 1329 1652 1360 Causas
1664 1328 1739 1367 apud
1761 1331 1871 1366 Regiam
1892 1326 2011 1368 vestram
2029 1328 2204 1368 Majestatem
2221 1330 2284 1362 dili-

1242 1378 1320 1400 enter
1337 1378 1376 1399 tra
1409 1379 1471 1406 are,
1566 1379 1570 1383 ⁴

1223 1379 1423 1476 g1C0niiiium
1437 1409 1470 1439 &
1487 1407 1634 1439 Auxilium
1649 1405 1749 1437 vestrae
1770 1404 1871 1445 Regiae
1891 1404 2070 1436 Celsitudinis
2087 1405 2206 1438 fideliter
2226 1406 2283 1437 im·

1254 1456 1331 1477 orare

1223 1456 1241 1484 p
1261 1488 1275 1503 ⁴³
1293 1470 1444 1515 Et’omnia
1458 1494 1538 1523 agere
1551 1483 1584 1514 &
1598 1483 1691 1514 facere
1711 1492 1776 1521 quae
1797 1483 1827 1513 in
1846 1481 1950 1513 nostrae
1970 1481 2062 1513 Urbis
2076 1481 2282 1514 Commodum

1227 1523 1260 1554 ὃς
1277 1522 1491 1553 Ornamentum
1506 1524 1558 1552 sint
1576 1521 1747 1558 successura,

1265 1561 1464 1592 Promittimus
1479 1570 1546 1600 ergo
1560 1559 1628 1590 Nos
1636 1560 1761 1598 praedieli
1775 1557 1895 1596 Confido:
1908 1558 1947 1594 ό·
1963 1562 2120 1598 Senatores,
2140 1560 2238 1591 nostro
2249 1562 2282 1593 ὃς

1228 1602 1314 1630 totius
1333 1603 1464 1629 Civitatis
1481 1599 1627 1630 Labicana
1643 1598 1795 1634 Nomine,
1814 1598 1948 1636 quicquid
1971 1598 2099 1636 praediffi
2117 1598 2205 1629 nostri
2226 1600 2284 1631 Le-

1229 1639 1283 1677 gati
1301 1639 1374 1678 apud
1395 1641 1503 1676 Regiam
1518 1637 1637 1676 vestram
1660 1636 1853 1675 Majestatem,
1872 1637 1902 1665 iri
1925 1637 2067 1674 praedietis
2082 1636 2217 1669 Articulis
2237 1647 2285 1671 aut

1229 1676 1349 1716 vestram
1366 1679 1476 1714 Regiam
1496 1675 1697 1706 Celiitudinem
1719 1683 1766 1705 aut
1790 1674 1905 1704 Urbem
1929 1675 2056 1705 nostram
2077 1675 2286 1715 spetfffintibus,

1229 1716 1353 1754 egerint,
1371 1715 1507 1752 dixerint,
1532 1713 1724 1752 promiserint,
1751 1713 1956 1751 concluserint,
1973 1714 2101 1744 manibus
2125 1715 2178 1745 suis
2199 1717 2286 1754 {crip-

1229 1755 1312 1784 serint
1326 1753 1371 1783 vel
1386 1753 1605 1791 subscripserint,
1623 1761 1669 1782 aut
1677 1752 1846 1790 juraverint,
1863 1760 1910 1781 aut
1928 1752 2051 1790 ipsorum
2071 1752 2162 1792 Signis
2175 1755 2219 1786 vel
2242 1755 2287 1785 Si-

1231 1792 1302 1829 gillis
1319 1791 1529 1829 assignaverint,
1549 1791 1593 1820 vel
1608 1790 1677 1820 Nos
1693 1799 1878 1827 quocumque
1895 1790 1985 1820 modo
2000 1790 2203 1830 obligaverint,
2222 1794 2286 1823 haec

1229 1831 1327 1860 omnia
1339 1831 1371 1859 &
1386 1829 1492 1866 singula
1506 1829 1638 1859 volumus
1652 1827 1823 1863 firmissime,
1842 1827 1891 1856 sub
1901 1827 2067 1858 santiliffima
2075 1829 2222 1868 Fide,fine
2237 1832 2288 1862 ali-

1229 1878 1287 1937 gula
1299 1868 1466 1934 excelptione
1479 1875 1526 1896 aut
1539 1865 1785 1904 contradictione,
1805 1867 1944 1903 perpetuo
1957 1866 2063 1897 servare
2076 1867 2131 1897 sine
2145 1868 2240 1899 fraude
2256 1872 2289 1901 ὃς

1249 1916 1268 1936 o
1279 1916 1298 1936 o
1315 1915 1360 1935 ma
1371 1914 1399 1934 o.

1268 1944 1302 1976 In
1319 1944 1397 1987 cujus
1410 1943 1449 1973 rei
1464 1941 1678 1986 Testimonium
1688 1940 1818 1980 juffimus
1832 1942 1880 1972 has
1891 1942 1996 1974 nostras
2007 1942 2111 1975 Literas
2126 1943 2229 1976 nostrae
2238 1943 2293 1976 Ci-

1231 1984 1324 2015 vitatis
1338 1981 1439 2020 Sigillo
1456 1982 1568 2014 muniri.

1269 2061 1356 2092 Datae
1375 2059 1488 2090 Lubecae
1507 2057 1662 2090 Millefimo
1676 2057 1915 2098 Qingentefimo
1929 2059 2092 2091 Tricesimo
2109 2068 2210 2100 quarto
2225 2059 2290 2098 post

1232 2100 1347 2131 Natum
1361 2099 1530 2137 Christum,
1550 2097 1648 2129 ultima
1663 2096 1746 2128 Maii.

1413 2236 1604 2281 Confirmatio
1627 2235 1787 2268 Translatus
1810 2237 1908 2268 Scotiae
1925 2235 2107 2282 fitpradicffi.

1235 2323 1398 2392 JAcobus,
1419 2320 1477 2352 Dei
1494 2321 1612 2359 Gratia,
1631 2324 1690 2351 Rex
1703 2323 1838 2349 Scotorum
1858 2321 1996 2351 omnibus
2019 2320 2127 2351 Christi
2149 2321 2290 2353 Fidelibiis

1289 2363 1408 2400 praesens
1421 2361 1566 2397 Scriptum
1582 2359 1744 2396 inspecturis
1758 2358 1869 2401 lecturis
1882 2358 1937 2390 five
1951 2360 2083 2391 audituris
2093 2360 2218 2391 Salutem
2228 2385 2237 2399 ,
2255 2363 2289 2393 &

1235 2401 1336 2433 Fidem
1353 2400 1500 2430 indubiam
1515 2398 1700 2428 Praesentibus
1711 2396 1849 2427 adhiberi.

1272 2439 1351 2469 Cum
1368 2447 1456 2476 nuper
1467 2459 1476 2474 ,

1272 2478 1326 2507 Per
1341 2474 1575 2512 Commiffarios,
1592 2474 1808 2511 Procuratores,
1829 2473 2208 2514 Legatos,Ambaffiatores‚
2228 2477 2290 2508 De-

1235 2524 1344 2556 putatos
1356 2515 1388 2545 &
1406 2513 1541 2543 Nuncios
1561 2511 1672 2542 nostros
1686 2521 1719 2542 ex
1742 2522 1797 2542 una
1820 2512 1917 2550 Parte,
1937 2513 2125 2551 Oratoresque
2144 2516 2176 2544 <Sc
2198 2515 2291 2546 Com-

1237 2554 1371 2585 missarios
1386 2550 1560 2581 Illustriffimi
1575 2552 1607 2583 ὃς
1624 2550 1802 2580 Inviffissimi
1816 2550 1954 2588 Principis
1968 2554 2080 2581 Henricr'
2095 2554 2217 2591 Oc‘i‘avi,
2234 2555 2293 2585 Dei

1238 2592 1353 2630 Gratia,
1372 2589 1484 2627 Angliae
1500 2592 1576 2626 Regis
1588 2590 1662 2619 Fidei
1678 2588 1833 2628 Defenfhris
1847 2590 1884 2623 όν
1906 2593 2016 2619 Domini
2033 2591 2172 2621 Hiberniae
2193 2592 2296 2624 Fratris

1240 2633 1272 2663 ὃς
1291 2629 1435 2661 Avunciili
1449 2627 1538 2658 nostri
1555 2626 1717 2658 Chariffimi
1733 2637 1766 2656 ex
1784 2627 1866 2657 altera
1881 2627 1978 2664 Parte,

1283 2669 1376 2706 Bona,
1396 2666 1491 2703 realis,
1510 2666 1630 2703 sincera,
1647 2676 1729 2705 vera,
1747 2667 1850 2703 integra
1864 2668 1896 2697 ὅ(
1910 2665 1991 2696 firma
2000 2665 2073 2704 Pax,
2089 2667 2296 2706 Amicitia,Li-

1240 2719 1293 2747 ga,
1311 2706 1546 2742 Confoederatio,
1564 2705 1661 2741 Unio,
1679 2705 1711 2735 &
1734 2703 1921 2741 Intelligentia
1944 2715 1993 2742 per
2011 2705 2133 2736 Terram
2153 2706 2238 2737 Mare
2257 2709 2296 2738 Α-

1240 2747 1357 2785 quasque
1370 2745 1465 2774 dulces
1483 2743 1516 2773 &
1533 2746 1635 2781 ubique
1649 2743 1797 2773 Locorum
1807 2766 1816 2781 ,
1836 2745 1908 2774 inter
1921 2743 1991 2774 Nos
2005 2744 2038 2775 &
2058 2744 2172 2774 dietum
2185 2745 2297 2775 Charis-

1239 2788 1340 2817 simum
1358 2783 1541 2813 Avunculum
1559 2782 1686 2812 nostrum
1698 2804 1707 2819 ,
1725 2781 1875 2820 nostraque
1895 2781 2013 2820 Regna,
2031 2781 2185 2819 Subditos,
2202 2782 2298 2814 Vasal-

1240 2826 1282 2856 los
1303 2825 1335 2854 &
1352 2822 1457 2860 Ligeos
1478 2819 1589 2850 nostros
1611 2821 1733 2851 tractatae
1756 2820 1954 2857 concordatae,
1973 2829 2144 2858 conventae,
2162 2820 2237 2850 initae
2262 2822 2296 2852 &

1241 2861 1385 2895 conclusae
1410 2860 1478 2896 sint,
1498 2868 1582 2896 prout
1606 2868 1655 2896 per
1671 2858 1895 2889 Instrumentum
1917 2857 2070 2888 Tractarfis
2090 2858 2301 2889 Conventionis

1242 2903 1275 2933 ὃ(
1292 2899 1496 2931 Conclusionis
1511 2897 1673 2935 hujusmodi
1689 2897 1798 2935 plenius
1812 2897 1900 2935 liquet
1921 2897 1953 2927 &
1968 2904 2098 2935 apparet,
2116 2898 2194 2936 cujus
2215 2907 2297 2929 verus

1240 2941 1341 2972 Tenor
1356 2937 1393 2968 de
1407 2936 1504 2968 Verbo
1520 2937 1552 2966 in
1565 2935 1694 2966 Verbum
1714 2936 1835 2973 sequitur
1850 2937 1884 2967 ὃς
1899 2935 1939 2966 est
1955 2935 2032 2972 talis,

1280 3014 1429 3048 Univerfis
1438 3038 1448 3053 ,
1465 3013 1527 3050 &aa
1544 3019 1575 3044 ut
1586 3013 1667 3052 sbpra
1677 3012 1709 3043 de
1723 3015 1793 3043 Dat.
1810 3012 1943 3043 undecimo
1957 3015 2012 3043 Die
2027 3015 2109 3043 Maii.

1279 3091 1361 3124 Hinc
1376 3092 1416 3122 est
1430 3091 1508 3130 quod
1522 3091 1592 3120 Nos
1604 3089 1726 3128 Jacobus
1742 3092 1803 3119 Rex
1816 3089 1985 3129 antediem,

1279 3132 1322 3162 Ex
1340 3133 1444 3162 intimo
1459 3131 1603 3167 cupientes
1618 3137 1647 3158 ut
1657 3127 1900 3166 hujuimodiPax,
1919 3129 2071 3166 Amicitia,
2089 3129 2161 3168 Liga
2173 3128 2300 3161 &Con-

1244 3170 1396 3203 foederatio
1407 3171 1477 3199 inter
1487 3168 1554 3198 Nos
1570 3167 1602 3197 &
1616 3166 1725 3196 dietum
1744 3165 1949 3197 Chariffimum
1970 3168 2156 3199 Avunculum
2171 3168 2300 3199 nostrum

1245 3208 1411 3245 nostrosque
1426 3206 1561 3237 Subditos
1577 3204 1785 3235 consolidentur
1798 3205 1831 3236 ὃς
1846 3206 2019 3243 coalescant,

1281 3246 1447 3278 Trm‘stamm
1457 3268 1466 3283 ‚
1482 3243 1720 3274 Conventionem
1727 3266 1738 3282 ,
1757 3243 1858 3282 Ligam
1867 3266 1876 3281 ,
1883 3244 2169 3275 Confoederationem
2176 3245 2208 3276 &
2216 3244 2300 3276 Cori-

1247 3286 1404 3317 cluiionem
1418 3283 1540 3320 superius
1554 3281 1718 3319 descriptas,
1738 3290 1824 3319 atque
1839 3283 1936 3312 omnia
1946 3284 1979 3314 &
1994 3282 2096 3322 singula
2115 3283 2247 3321 ,Capitula
2264 3284 2298 3314 &

1249 3324 1389 3354 Articulos
1403 3323 1433 3351 in
1446 3321 1548 3351 eisdem
1563 3320 1782 3359 comprehensa,
1801 3320 1987 3359 Laudamus,
1998 3321 2221 3359 Auctorisamus,
2237 3320 2298 3350 Ra-

1246 3362 1385 3393 tificamus
1400 3361 1432 3390 &
1450 3358 1678 3402 Confirmamus,
1695 3368 1729 3388 ac
1749 3367 1804 3402 pro
1823 3358 1969 3397 Laudatis,
1984 3359 2180 3399 Auctorisatis,
2197 3357 2297 3389 Ratifi-

1245 3401 1328 3470 {mss
1350 3399 1521 3438 Approbatis
1536 3397 1569 3427 &
1584 3395 1768 3428 Confirmatis
1782 3396 1916 3428 habemus
1931 3399 1964 3430 &
1985 3397 2082 3428 haberi
2100 3399 2232 3430 volumus
2247 3404 2297 3434 per

1273 3449 1309 3468 rte
1320 3446 1395 3469 entes

1282 3459 1483 3512 Omnibi’isque
1508 3474 1540 3505 &
1563 3472 1674 3512 fingulis
1696 3471 1868 3513 Privilegi'is,
1890 3473 2165 3513 Dispensationibus,
2182 3471 2296 3502 Cauiis.

1245 3515 1436 3551 Rationibus,
1453 3512 1651 3550 Praetextibus,
1668 3511 1894 3549 Occasionibus,
1911 3523 1944 3543 ac
1964 3513 2021 3544 aliis
2037 3512 2224 3549 cujuscunque
2243 3510 2298 3548 Ju-

1245 3555 1280 3583 ris
1296 3554 1329 3582 &
1344 3552 1423 3582 Facti
1438 3550 1587 3581 Remediis
1603 3551 1633 3580 in
1647 3549 1761 3581 Genere
1774 3551 1816 3581 vel
1832 3552 1862 3581 in
1876 3551 1991 3589 Specie,
2009 3549 2105 3580 Nobis
2117 3548 2233 3587 dejure
2249 3548 2295 3579 vel

1245 3593 1281 3622 ab
1296 3591 1427 3620 Homine
1442 3589 1492 3619 sub
1507 3598 1674 3627 quacunque
1690 3590 1847 3620 verborum
1870 3589 1936 3620 serie
1955 3586 2092 3619 conceffis
2114 3587 2170 3617 five
2191 3596 2297 3618 conce-

1244 3630 1358 3666 dendis,
1373 3637 1420 3665 aut
1435 3629 1489 3658 alio
1504 3637 1676 3665 quocunque
1693 3627 1783 3658 modo
1798 3627 2026 3664 competentibus
2044 3624 2101 3655 five
2119 3626 2295 3663 competitu-

1244 3669 1294 3704 ris,
1311 3667 1425 3706 perinde
1436 3676 1469 3696 ac
1486 3666 1503 3695 fi
1517 3666 1667 3704 specialiter
1677 3666 1711 3697 &
1726 3667 1894 3696 nominatim
1909 3665 1955 3694 hic
1972 3663 2060 3693 essent
2073 3663 2180 3694 insertae
2283 3688 2295 3704 ‚

1244 3716 1303 3744 quo
1317 3704 1436 3735 effeetus
1451 3704 1519 3734 dieti
1532 3702 1684 3735 Tradiatsis
1698 3712 1746 3734 aut
1769 3704 1884 3741 alicujus
1907 3701 2027 3732 Articuli
2047 3700 2102 3730 five
2123 3701 2249 3739 Capituli
2266 3704 2297 3733 in

1245 3744 1348 3774 eodem
1363 3743 1636 3780 comprehensorum
1650 3741 1868 3780 quomodolibet
1886 3738 1971 3776 poffit
1990 3738 2138 3778 impediri,
2157 3739 2234 3779 Lege
2252 3750 2299 3772 aut

1246 3781 1368 3812 Canone
1382 3782 1482 3819 quibus
1499 3790 1612 3811 cavetur
1629 3780 1708 3819 quod
1724 3779 1871 3810 Generalis
1884 3777 2078 3807 Renunciatio
2093 3777 2300 3818 PrivilegiiEx-

1246 3821 1383 3857 ceptionis
1396 3819 1441 3850 vel
1455 3819 1562 3850 alterius
1575 3818 1706 3849 Beneficii
1721 3818 1805 3848 futuri
1825 3825 1885 3846 non
1903 3814 1989 3857 valeat
2004 3816 2034 3843 i'n
2049 3815 2141 3854 aliquo
2163 3827 2223 3847 non
2245 3819 2301 3848 ob-

1246 3858 1398 3894 stantibus,
1414 3858 1507 3894 palam
1523 3858 1639 3894 publice
1655 3855 1777 3895 expresse
1793 3863 1827 3886 ex
1842 3862 1917 3885 certa
1939 3852 2060 3883 scientia
2077 3854 2108 3883 in
2128 3854 2198 3886 Vim
2219 3854 2301 3886 Pasti

1247 3898 1281 3929 ὃς
1298 3898 1327 3926 in
1342 3896 1394 3926 hiis
1405 3895 1518 3934 Scriptis
1533 3894 1764 3930 Renunciamus;
1887 3929 1893 3934 ·

1283 3933 1320 3966 Et
1334 3934 1462 3973 insuper,
1481 3943 1530 3972 per
1545 3934 1609 3965 haec
1635 3930 1814 3965 Sacrosanrsta
1834 3928 1894 3960 Dei
1909 3927 2060 3967 Evangelia
2077 3939 2126 3969 per
2140 3931 2209 3962 Nos
2224 3942 2304 3963 reve-

2241 3980 2306 4001 reri-

2297 167 2373 200 Ann.
2388 166 2431 199 D.

2302 215 2414 276 &Q

2305 1481 2324 1502 ¹³
2334 1483 2418 1517 xtvg

2302 1532 2371 1559 540-

2311 2326 2439 2359 Aner*

2330 2375 2362 2403 15
2369 2376 2416 2426 354.

2308 2409 2349 2433 An

2308 2449 2342 2472 H.
2355 2428 2393 2472 ἐἶ
2418 2429 2424 2435 ”

2314 2489 2351 2509 Ex
2368 2487 2424 2510 Au<

2309 2529 2376 2559 tagr-
