2542 4274
637 149 747 193 ET
833 147 1103 193 ACTA

0 254 23 275 Ἰ,
33 242 72 275 D.
128 235 175 275 Ῐτ
185 251 203 274 Ε
213 250 241 274 Μ
251 265 259 281 ,
278 237 465 272 conventum
479 237 512 269 δε
526 232 704 268 Conclusam
719 237 760 268 est
775 238 856 276 quod
872 238 1009 269 Nuncius
1022 237 1054 268 &
1067 235 1143 265 Ora-

2 292 50 314 21.
93 291 138 313 tor
150 280 307 320 Sanctifflmi
314 279 424 308 Domini
435 275 518 315 nostri
531 286 563 306 ac
579 275 714 306 Oratores
731 276 862 316 Caefizrei,
880 285 1038 314 eorumque
1054 274 1142 316 Nun3

3 344 9 350 -
26 321 54 348 8·
93 323 154 360 cii,
186 320 316 350 Curiores
335 340 344 354 ,
375 316 528 346 servitores
543 337 552 353 ,
588 313 747 345 Familiares
762 338 772 353 ,
804 316 836 345 ὃ(
862 315 989 345 Ministri
1006 338 1015 352 ,
1045 313 1078 344 &
1097 321 1144 349 qui

95 370 144 390 eos
166 357 294 388 comitati
314 355 378 385 sunt
398 353 530 384 Honoris
552 352 641 390 gratia
658 377 667 390 ,
698 354 769 383 cum
791 354 825 383 ad
848 350 924 384 hunc
953 353 1067 383 Locum
1097 360 1146 380 ve-

96 399 186 427 nirent
221 395 256 424 de
278 393 379 431 quibus
402 392 487 423 stetur
506 391 676 430 Juramento
695 392 816 429 ipsorum
839 392 1011 427 Oratorum,
1030 391 1146 421 durante

94 435 153 465 hoc
171 418 342 469 C'onventu,
361 432 395 462 &
410 433 543 468 quamdiu
556 439 637 461 erunt
651 439 718 461 cum
733 431 792 467 ipio
814 430 1059 460 Reverendilsimo
1078 431 1147 458 Car-

94 470 181 503 dinali
195 472 224 501 in
232 471 296 500 'hoc
313 469 434 509 Oppido
446 468 557 499 Calisiae
570 469 749 506 congregati,
768 469 801 500 ὃς
817 469 902 499 etiam
921 468 991 498 dum
1016 469 1082 498 hine
1104 476 1148 496 re-

93 511 194 542 cedere
207 508 363 546 voluerint,
380 509 413 539 ἃ
433 517 480 544 per
495 508 659 545 quindecim
675 507 747 537 Dies
764 506 829 545 post
853 505 1026 537 Conventfis
1050 504 1149 535 Diffo-

93 549 230 580 lurionem
241 568 251 586 ,
269 557 336 577 cum
352 547 487 578 omnibus
501 547 532 576 ὅ(
550 546 664 582 singulis
677 553 777 577 eorum
802 545 902 583 Bonis,
930 545 1068 582 Sarcinis,
1087 542 1148 573 Im-

92 587 263 625 pedimentis
274 587 308 617 δι
323 584 516 625 Suppellecrili
531 584 650 614 habeant
664 585 697 614 &
713 584 814 614 habere
829 584 950 615 debeant
971 583 1095 613 liberum
1111 581 1144 611 δε

93 627 223 657 securum
240 624 260 644 ⁴¹²
280 624 445 654 Transitum
465 622 619 653 Accessum
637 623 669 653 &
694 621 867 659 Regrelliim
887 633 955 653 cum
974 622 1084 652 Litteris
1103 618 1147 649 vel

93 664 151 696 fine
172 658 284 695 Litteris
301 672 334 693 ex
353 662 410 693 hoc
429 660 549 699 Oppido
576 661 686 691 Calisiae
706 661 793 700 usque
811 661 844 691 ad
863 661 1015 700 Oppidum
1033 661 1066 690 ὃ(
1088 658 1149 688 Lo-

93 712 163 735 cum
183 703 212 734 in
230 711 288 741 quo
306 699 429 740 Caefirrea
449 698 584 738 Majestas
602 699 693 730 adesse
712 700 743 729 &
760 699 912 730 consistere
939 699 1151 736 comperietur,

92 742 127 774 ec
139 743 175 773 ab
192 740 242 780 ipso
256 739 359 778 caesare
374 739 409 770 us
423 747 456 768 ue
475 738 508 768 ad
527 739 585 769 hoc
603 737 754 777 Oppidum
770 737 881 769 Calisiae
898 737 1001 775 absque
1017 747 1054 767 eo
1070 735 1148 774 quod

93 780 164 812 intra
190 779 243 811 hos
268 779 388 808 'Limites
404 748 495 807 cliceat
515 776 608 806 eidem
626 779 790 806 Francorum
809 779 889 813 Regi,
917 777 1009 814 ejusve
1033 773 1152 812 Capita-

97 820 176 856 neis,
196 817 357 853 Militibus,
381 815 572 853 Stipendiariis
587 839 596 853 ‚
617 822 664 844 aut
689 814 817 845 Subditis
842 815 1054 854 quibuscunque
1069 835 1079 851 ‚
1102 821 1152 852 per

97 858 204 897 quasvis
219 855 392 887 Incurliones
411 853 512 883 fiendas
531 854 695 891 quempiam
716 862 749 883 ex
769 853 821 883 hiis
835 862 950 892 capere,
967 854 1152 889 intercipere,

95 898 237 935 detinere,
256 892 419 930 molestare,
437 893 602 930 inquietare,
619 891 662 922 seu
681 892 837 931 impedire,
856 890 941 922 Dum
959 900 1054 922 tamen
1072 889 1153 920 recto

95 935 198 967 Itinere
213 932 345 963 incedant
367 940 417 971 per
443 930 524 961 Loca
542 930 695 960 Territoria
713 931 746 960 &
765 931 910 961 Dominia
933 930 1014 968 ipsius
1031 932 1152 967 Impera-

96 972 164 1005 toris
183 971 291 1011 Elee'ti,
311 980 362 1000 nec
377 969 516 1000 divertant
532 968 567 999 ad
586 968 665 999 Loci
683 965 839 1000 Territoria
859 970 892 1000 ὃς
910 966 1052 999 Dominia
1074 966 1154 1005 ipsius

95 1014 173 1050 Regis
193 1008 426 1049 Christiamffimi:
447 1008 480 1039 &
500 1008 564 1038 vice
586 1007 662 1038 versfi
683 1007 818 1039 Oratores
834 1006 1045 1048 Christianiffimi
1059 1009 1156 1049 Regisq,

94 1059 253 1087 eorumque
267 1048 301 1080 N
306 1048 398 1085 uncii,
416 1046 551 1077 Cursores
585 1046 760 1085 Servitores,
780 1047 999 1084 Familiares‚&
1016 1044 1155 1081 Ministri,

96 1086 131 1120 ὃς
148 1089 195 1126 qui
211 1097 260 1118 eos
275 1086 438 1117 commitati
454 1085 515 1116 sunt
530 1069 660 1115 H'onoris
673 1086 762 1124 gratia
773 1109 782 1123 ,
795 1087 865 1117 curn
885 1085 920 1116 ad
942 1086 1020 1117 hunc
1038 1084 1155 1114 Locum

0 636 73 665 riu.

0 684 47 713 54·

97 1128 241 1165 venirent,
259 1125 296 1156 de
318 1125 418 1163 quibus
438 1125 523 1154 etiam
546 1125 632 1154 stetur
649 1124 821 1163 Juramento
841 1123 966 1162 ipsorum
980 1123 1156 1159 Oratorum,

97 1165 213 1196 durante
229 1164 310 1195 dieto
324 1163 478 1193 Conventu
494 1163 522 1192 in
537 1160 595 1192 hoc
611 1161 733 1200 Oppido
756 1162 884 1201 Calisiae,
899 1163 933 1194 &
951 1168 1000 1200 per
1023 1159 1155 1200 Qinde-

96 1206 156 1236 cim
173 1203 245 1234 Dies
257 1202 323 1241 post
339 1198 511 1233 Conventus
527 1200 773 1239 Diffolutionem,
790 1203 822 1232 ὅ(
836 1203 921 1231 etiam
942 1201 972 1231 in
988 1209 1089 1230 eorum
1109 1199 1157 1228 seu

96 1243 214 1280 alicujus
234 1250 336 1272 eorum
359 1239 482 1270 Recessu
503 1249 570 1269 cum
592 1238 730 1270 omnibus
748 1242 782 1272 ὃ(
800 1240 912 1277 lingulis
931 1248 1033 1270 eorum
1056 1237 1160 1274 Bonis,

98 1281 239 1319 flaicinis,
262 1279 495 1316 impedimentis,
519 1279 551 1308 &
575 1277 766 1316 Suppellechli
784 1279 904 1309 habeant
927 1278 961 1308 &
984 1278 1086 1308 habere
1107 1276 1158 1307 de-

100 1321 185 1350 beant
199 1319 322 1349 liberum
337 1319 370 1349 ὃ(
385 1316 511 1347 fficurum
527 1315 691 1347 Transitnm
702 1317 894 1349 Accessum&
910 1316 1081 1356 Regreffum
1089 1324 1158 1345 cum

101 1359 219 1390 Litteris
233 1357 265 1389 &
281 1356 338 1387 fine
355 1356 467 1386 Litteris
480 1365 515 1386 ex
532 1355 589 1385 hoc
603 1355 652 1393 Op
675 1356 723 1386 ido
740 1356 849 1386 Caliliae
866 1357 947 1395 usque
962 1355 995 1385 ad
1004 1354 1158 1392 Oppidum

100 1398 135 1429 &
154 1397 267 1426 Locum
283 1396 314 1425 in
333 1404 391 1432 quo
409 1396 468 1423 Rex
490 1366 723 1433 Christianilliinus
744 1393 836 1425 adesse
855 1395 888 1425 ἃ
906 1393 1054 1424 consistere
1076 1402 1156 1422 com-

100 1436 237 1475 perietur,
259 1435 293 1465 &
316 1433 352 1462 ab
371 1433 430 1470 ipso
452 1435 520 1469 Rege
541 1432 756 1471 Christianiffimo
776 1434 859 1471 usque
879 1432 914 1463 ad
931 1433 988 1462 hoc
1006 1430 1159 1469 Oppidum

101 1473 232 1511 Calisiae,
248 1471 352 1508 absque
367 1481 403 1500 eo
415 1472 495 1509 quod
511 1472 581 1500 intra
597 1470 648 1500 hos
664 1471 785 1502 Limites
797 1472 877 1503 liceat
891 1472 984 1501 eidem
993 1470 1087 1500 Elecro
1102 1472 1160 1499 Im-

97 1515 236 1552 peratori,
254 1510 346 1548 ejusve
362 1508 538 1546 Capitaneis,
559 1508 720 1547 Militibus,
742 1509 948 1547 stipendiariis,
966 1518 1012 1539 aut
1034 1508 1160 1539 Subditis

101 1549 328 1590 quibuscunque,
347 1556 394 1583 per
410 1546 516 1584 quasvis
531 1546 707 1578 incursiones
729 1545 846 1587 fiendas,
867 1549 1046 1587 Quempiam
1069 1556 1104 1577 ex
1120 1547 1162 1576 his

104 1597 221 1625 capere,
237 1585 422 1624 intercipere,
442 1585 584 1624 detinere,
602 1595 650 1616 aut
664 1587 855 1624 quovismodo
871 1586 1032 1625 molestare,
1053 1586 1162 1624 inquie-

101 1634 176 1664 tare,
201 1626 248 1656 seu
266 1623 420 1661 impedire,
449 1623 534 1654 Dum
551 1633 648 1655 tamen
666 1626 745 1655 rech
763 1627 859 1656 itinere
878 1625 1009 1656 incedant
1025 1634 1073 1662 per
1099 1623 1163 1654 Lo-

63 1672 67 1675 ’
102 1674 137 1696 ca
151 1663 309 1694 Territoria
322 1663 355 1693 δε
371 1661 512 1693 Dominia
525 1662 605 1700 ipfius
617 1662 931 1703 Regischristianiffimi‚
949 1673 1003 1693 nec
1017 1664 1161 1693 divertant

99 1703 134 1735 ad
149 1703 234 1733 Loca
249 1701 406 1731 Territoria
422 1701 455 1731 &
471 1699 611 1730 Dominia
625 1702 706 1738 iplius
724 1702 814 1732 Caroli·
833 1706 1015 1732 Romanorum
1036 1700 1161 1739 Impera-

100 1745 167 1776 toris
187 1739 302 1776 Εἰεὲῑὶς
330 1739 367 1770 Et
388 1739 408 1769 fi
428 1739 563 1777 quispiam
588 1739 775 1771 Subditorum
787 1765 796 1780 ,
816 1741 1059 1778 Capitaneorum,
1078 1738 1162 1770 Mili-

99 1789 182 1819 tum,
205 1780 250 1810 seu
273 1776 524 1816 Stipendiariorum
544 1778 654 1809 alterius
668 1779 790 1816 ipsorum
813 1780 984 1817 Principum
1008 1780 1161 1817 quicquam

102 1820 131 1850 in
148 1819 324 1849 contrarium
339 1816 556 1847 Praemissorum
571 1818 659 1855 egerit
675 1818 790 1849 molitus
805 1819 885 1849 fuerit
900 1818 946 1849 seu
966 1818 1164 1855 temptaverit,

102 1866 227 1890 teneatur
243 1857 314 1887 illius
330 1855 492 1894 Dominus,
511 1856 588 1893 cujus
605 1855 759 1894 subditus,
776 1856 962 1895 Capitaneus,
991 1856 1097 1894 Miles,
1116 1859 1161 1885 {eu

102 1896 302 1932 Stipendiarius
320 1895 424 1932 fuerit,
441 1894 476 1925 ad
495 1904 618 1925 omnem
641 1894 870 1935 Requifitionem
890 1896 1060 1934 Dampnum
1078 1893 1144 1932 passi
1155 1916 1164 1932 ,

106 1933 202 1965 medio
224 1934 295 1963 illius
318 1932 486 1971 juramento
513 1932 695 1970 Justificantis
724 1933 881 1972 Capturam
903 1935 948 1965 seu
972 1934 1165 1971 Dampnum,

109 1973 209 2003 omnia
223 1972 348 2002 resarciri
364 1971 471 2009 facere,
490 1972 523 2003 &
537 1972 570 2001 ad
591 1973 715 2008 primum
732 1973 843 2004 Statum
867 1974 1000 2004 reducere
1020 1973 1052 2003 ὅ(
1067 1971 1167 2002 reduci

110 2012 205 2042 facere
220 2020 266 2047 per
282 2009 335 2048 Se,
353 2011 397 2040 vel
414 2019 462 2047 per
477 2010 591 2040 illorum
608 2009 774 2043 Officiarios
784 2034 794 2050 ,
809 2014 843 2044 &
854 2012 971 2050 Judices
987 2010 1168 2048 Ordinatios,

115 2050 196 2080 omni
218 2049 299 2079 mora
316 2049 347 2079 ὅ(
363 2048 590 2080 εοηῑταάίᾶὶίοηε
607 2049 785 2081 cessantibus.

117 2127 120 2129 ι
148 2086 282 2125 ITEM,
298 2088 362 2125 quia
375 2087 522 2118 nonnullae
544 2087 658 2125 Naves,
675 2088 711 2120 de
734 2088 843 2126 Regno
866 2089 899 2120 &
921 2088 1066 2120 Dominio
1092 2090 1172 2126 Regis

114 2125 227 2163 Angliae
242 2125 403 2164 existentes,
419 2135 508 2163 nuper
528 2135 543 2154 a
563 2125 690 2157 Suhditis
715 2127 772 2157 tam
794 2131 978 2158 Romanorum
996 2130 1172 2166 Imperatoris

116 2164 207 2196 Eleczi
220 2166 305 2203 quam
319 2167 480 2194 Francorum
493 2167 570 2201 Regis
582 2164 812 2196 Ghristianiffimi
827 2166 927 2204 Captae
942 2166 1120 2204 Depraedatae
1138 2166 1171 2195 &

117 2203 252 2242 Spoliatae
273 2202 446 2240 asseruntur,
471 2203 504 2233 &
528 2202 705 2235 Mercatores
725 2205 758 2234 &
776 2204 884 2234 Nautae
909 2205 1077 2235 eorumdem
1096 2213 1173 2234 tam-

116 2252 206 2282 quam
222 2241 338 2281 Captivi
351 2239 486 2280 abducti,
505 2242 543 2270 uti
559 2251 593 2271 ex
618 2243 779 2279 Anglorum
804 2243 934 2280 Querelis
954 2242 1087 2279 refertur,
1104 2241 1174 2272 Nos

120 2282 205 2318 igitur
220 2279 353 2310 Oratores
370 2280 539 2315 Principum
557 2280 777 2318 praediCrorum,
795 2282 942 2319 cupientes
964 2283 1001 2311 ne
1015 2281 1051 2311 de
1067 2288 1174 2310 caetero

116 2319 233 2352 Subditi
252 2318 324 2348 dieti
344 2320 423 2354 Regi-s
445 2316 558 2355 Angliae
580 2318 635 2356 sic,
656 2326 687 2350 ut
699 2320 862 2358 praefertur,
882 2319 1085 2356 molestentur,
1104 2318 1176 2349 Pro-

120 2358 260 2388 mittimus
279 2365 327 2393 per
352 2355 503 2386 Praesentes
521 2355 615 2387 eidem
639 2360 708 2393 Regi
725 2357 837 2393 Angliae
868 2358 902 2388 ὃς
930 2357 1177 2388 Reverendiffimo

120 2395 260 2429 Domino
279 2393 426 2424 cardinali
446 2394 607 2433 Eboracenfi
627 2395 739 2433 Legato
760 2396 921 2433 antedidw,
939 2396 1065 2433 eJusdem
1089 2395 1179 2433 Regis

117 2434 233 2474 Angliae
253 2432 478 2465 Locumtenenti
499 2431 721 2464 Promiffionem
747 2432 872 2464 nostram
896 2435 1072 2472 accepranri,
1096 2432 1178 2472 quod

121 2472 222 2505 Naves
237 2472 272 2502 de
290 2471 397 2508 Regno
413 2472 446 2502 ὃ(
462 2471 606 2501 Dominio
630 2472 699 2502 dieti
721 2474 799 2509 Regis
816 2472 930 2510 Angliae
951 2472 1100 2504 existentes
1119 2474 1179 2502 tute

121 2511 211 2543 libere
233 2511 266 2542 &
286 2510 382 2541 secure
406 2509 510 2550 poffint
533 2511 591 2540 tam
606 2521 654 2548 per
671 2511 754 2541 Mare
770 2512 904 2548 navigare
916 2513 1005 2549 quam
1026 2512 1056 2541 in
1079 2509 1181 2541 Portus

122 2552 156 2583 ὃ(
171 2549 253 2581 Sinus
266 2548 466 2589 quoscunque,
485 2547 639 2589 Gurgites,
656 2549 801 2587 Flumina,
819 2549 920 2581 Hostia
933 2550 1120 2588 Fluminum,
1134 2557 1181 2580 aut

123 2588 263 2619 stationes
277 2587 412 2618 Navium
429 2586 561 2625 quascutn
585 2598 619 2619 ue
633 2588 773 2628 utriusque
788 2588 932 2619 dictorum
948 2587 1118 2626 Principum
1134 2587 1181 2618 seu

123 2628 234 2658 alterius
247 2626 410 2657 eorumdem
425 2635 493 2656 cum
507 2625 559 2656 suis
612 2628 722 2658 ercibus
739 2628 773 2658 ὃ(
789 2626 935 2658 Oneribus
951 2627 1103 2665 appellere,
1122 2637 1183 2657 ma·-

122 2675 209 2702 nere,
232 2666 263 2695 in
285 2664 428 2695 Anchoris
448 2664 517 2694 stare
541 2667 644 2695 morari
668 2675 752 2704 atque
766 2665 832 2696 inde
847 2667 1073 2705 quandocunque
1093 2667 1132 2695 eis
1147 2666 1183 2695 li-

125 2703 216 2734 buerit
231 2712 302 2733 cum
317 2703 370 2732 suis
386 2701 535 2732 Mercibus
548 2703 580 2733 &
596 2704 741 2735 Oneribus
759 2703 848 2735 libere
870 2706 945 2735 abire
967 2704 1100 2736 recedere
1120 2703 1183 2734 abs-

149 2752 183 2772 ue
205 2741 357 2772 alterutrius
376 2740 521 2771 dictorum
540 2741 705 2780 Principum
730 2743 775 2773 seu
802 2743 990 2774 Subditorum
1014 2743 1183 2774 eorumdem

126 2752 337 2818 arrestationes,
358 2778 582 2818 Molestatione,
605 2780 845 2820 Depraedatione,
864 2782 1037 2821 Vexatione,
1062 2790 1107 2812 aut
1124 2780 1185 2812 Im-

125 2819 293 2858 pedimento
326 2826 420 2849 uocun
441 2828 495 2856 ue,
510 2818 647 2850 solvendo
663 2829 758 2850 tamen
771 2820 838 2857 Jura
854 2820 947 2859 solita,
965 2819 1084 2851 Proviso
1097 2822 1182 2850 etiam

125 2857 208 2897 quod
230 2856 318 2887 Nauc
329 2858 384 2896 eri,
403 2828 596 2895 sicrestores,
613 2859 648 2889 &
667 2859 712 2889 alii
732 2860 893 2899 quicunque
913 2859 1002 2897 Angli
1021 2858 1185 2897 existentes,

126 2897 157 2927 in
173 2895 258 2926 dietis
272 2895 404 2926 Navibus
413 2895 595 2926 abstinebunt
610 2896 646 2927 ab
666 2900 748 2928 omni
769 2897 879 2937 fraude,
899 2899 933 2929 ὃς
954 2897 1045 2928 nichil
1063 2897 1186 2928 molien—

125 2943 174 2965 tur
187 2934 314 2965 adversus
333 2934 426 2965 diebos
442 2932 594 2972 Principes.

166 2972 239 3003 ΙτΕ
250 2981 295 3010 M,
312 2972 499 3003 conventum
513 2974 546 3004 ὃς
561 2973 738 3004 Conclusum
753 2974 796 3004 est
811 2974 893 3013 quod
913 2973 1106 3005 Sereniffimus
1129 2977 1186 3004 Rex

135 3011 249 3047 Angliae
264 3012 297 3041 &
311 3012 406 3042 didius
419 3011 681 3042 Reverendiffimus
697 3013 852 3043 Cardinalis
866 3014 898 3044 &
915 3014 1041 3051 Legatos
1060 3014 1116 3049 eius
1131 3013 1189 3043 Lo—

129 3058 312 3087 cumtenens,
327 3050 407 3087 cujus
422 3049 526 3080 Medio
543 3050 660 3090 praesens
674 3050 847 3092 Capitulatio
865 3052 996 3082 conclusa
1011 3051 1126 3088 exstitit,
1134 3053 1188 3081 hu-

127 3087 254 3126 jusmodi
269 3085 491 3119 Conventorum
504 3089 609 3119 fuerint
625 3089 860 3130 Conservatores,
879 3099 1026 3130 tamquam
1042 3090 1076 3121 ad
1094 3091 1121 3120 id
1137 3098 1187 3128 per

131 3126 229 3156 ambas
244 3125 335 3156 Partes
350 3127 431 3157 eledii
444 3129 476 3159 ὅ(
493 3127 580 3158 affurn
603 3129 633 3158 ti.

168 3162 242 3208 [Te
251 3172 280 3194 Μ
288 3186 298 3202 ,
316 3164 503 3209 Conventum
517 3166 550 3196 &
565 3138 743 3198 &nclusum
756 3167 797 3198 est
806 3168 886 3206 quod
901 3176 1014 3206 uterque
1023 3167 1188 3206 Principum

132 3202 338 3246 praedidiorum
353 3211 421 3247 nitra
437 3203 552 3235 Decem
566 3204 636 3235 Dies
649 3215 666 3235 a
680 3205 755 3236 Data
774 3207 955 3238 Praesentium
978 3207 1120 3244 praesentes
1135 3207 1188 3237 Ar-

133 3241 236 3272 oculos
250 3242 283 3271 &
302 3250 398 3284 omnia
414 3243 446 3273 ὅ(
463 3242 572 3278 fingula
583 3244 611 3272 in
625 3245 664 3273 eis
678 3253 813 3276 contenta
823 3256 871 3283 per
887 3246 1005 3276 Litteras
1016 3246 1071 3275 suas
1085 3245 1188 3275 Paten-

138 3288 180 3310 t&
197 3278 312 3315 Magno
326 3279 429 3316 sigillo
443 3279 493 3311 suo
507 3281 632 3318 sigillatas
647 3283 681 3314 ὃ(
697 3282 833 3314 Manibus
846 3284 899 3314 suis
911 3285 1073 3322 subscriptas
1087 3283 1190 3314 Ratis-

132 3318 213 3348 cabit
228 3318 264 3347 δε
279 3316 478 3349 Confirmabit.

171 3356 217 3400 la*
228 3364 246 3385 Ε
258 3363 301 3394 M,
318 3355 506 3400 'Conventum
521 3358 553 3389 &
571 3357 750 3390 Conclusum
767 3360 808 3391 est
826 3361 906 3399 quod
926 3360 1047 3391 Articuli
1068 3360 1190 3399 supradi—

133 3393 178 3425 ἂι
197 3405 227 3424 in
244 3393 377 3425 omnibus
396 3394 526 3426 Portibus
544 3397 577 3427 δε
596 3397 683 3428 Locis
698 3399 851 3430 Maritimis
866 3400 1010 3430 dierorum
1024 3399 1189 3437 Principum

132 3433 231 3463 Caroli
247 3436 426 3477 Rornanorum
444 3436 615 3472 Imperatoris
635 3436 744 3476 Eleffl,
763 3439 796 3468 &
814 3439 947 3478 Francifii
961 3440 1122 3467 Francorum
1136 3441 1190 3468 Re-

130 3475 172 3510 gis
189 3471 438 3509 Christianiffimi,
456 3472 518 3509 post
534 3473 763 3506 Ratificationem
774 3477 910 3507 hincinde
928 3477 1069 3513 secutam,
1085 3486 1132 3516 per
1150 3477 1191 3507 E—

133 3510 212 3541 dista
237 3510 486 3554 &·P1·oclamata,
509 3511 697 3552 insinuentur,
720 3515 912 3554 declarentur,
938 3517 971 3546 ὅ(
996 3516 1175 3554 publicentur

136 3549 208 3579 intra
233 3548 305 3593 Dies
334 3549 514 3593 Quindecim
541 3550 570 3579 in
595 3549 742 3591 Flandria,
769 3553 938 3592 Brabantia,
961 3552 1133 3592 Hollandi'a‚
1159 3556 1193 3586 &

138 3587 296 3625 Zelandia,
314 3587 459 3626 Bononia,
478 3586 623 3627 picardia,
642 3589 825 3630 Normanifi,
843 3593 877 3622 &
892 3592 1027 3629 Britania,
1045 3591 1064 3611 ⁵*
1087 3593 1114 3621 in
1134 3592 1193 3623 aliis

138 3628 208 3657 vero
228 3626 412 3664 Regionibus
430 3628 463 3658 &
484 3625 581 3657 Patriis
599 3629 793 3660 remotioribus
810 3630 936 3668 ejusdem
961 3630 1099 3667 Principis
1118 3630 1191 3662 sub-

135 3664 200 3696 ditis
217 3663 263 3695 fiet
280 3665 359 3696 dieta
379 3665 538 3696 Publicatio
556 3665 625 3696 infra
643 3665 709 3696 alios
718 3666 823 3706 Viginti
841 3667 913 3698 Dies
932 3668 996 3706 post
1010 3668 1118 3698 dictam
1136 3672 1195 3708 pri*

136 3711 216 3734 mam
230 3704 458 3734 Publicationem
473 3703 636 3734 immediate
650 3704 809 3744 sequentes,
826 3705 876 3736 sub
885 3707 1122 3738 Comininatione
1130 3710 1194 3740 ὅτε.

137 3739 176 3771 Et
198 3742 274 3779 quod
300 3743 453 3781 Nuncius,
479 3743 565 3773 Lator
592 3743 769 3780 praesentium
794 3744 1007 3783 Articulorum,
1039 3755 1092 3785 pro
1116 3747 1193 3778 dicta

138 3778 336 3811 Publicatione
357 3781 489 3812 facienda
504 3782 537 3812 ὃς
555 3782 698 3821 curanda,
718 3790 749 3812 ut
765 3781 828 3821 fiat,
845 3782 961 3814 babebit
983 3784 1088 3815 salvum
1109 3784 1192 3815 Con-

137 3815 254 3848 ducrum
270 3826 456 3858 oportunum.

0 3593 12 3619 ἓ
30 3598 119 3630 &HL

28 3646 93 3674 755·

178 3895 250 3940 Visis
264 3898 349 3934 igitur
364 3900 446 3931 distis
460 3901 611 3940 Articulis,
629 3901 774 3938 cupientes
789 3901 960 3941 gratifficare
973 3901 1043 3932 dido
1051 3905 1197 3936 Cardinali

142 3933 293 3964 Carissimo
309 3947 341 3980 ac
358 3937 551 3970 Dilectiffimo
568 3941 674 3970 Amico
689 3940 807 3978 nostro,
834 3941 894 3970 illos
913 3940 946 3971 &
966 3950 1196 3983 unumquemque

140 3980 244 4002 eorum
260 3973 454 4016 Ratifficamus
469 3978 628 4009 Laudamus
643 3980 675 4008 ὅτ
693 3979 908 4017 Approbamus,

167 4011 329 4055 ‘Quocirca
342 4022 390 4057 per
403 4013 556 4047 Praesentes
571 4017 746 4047 Mandamus
765 4018 900 4048 omnibus
915 4012 1069 4048 Officiariis
1093 4021 1126 4052 &
1143 4020 1198 4059 Ju.

138 4047 264 4080 stitiariis
281 4050 583 4090 nostris,-Admiraldis
593 4080 602 4095 ‚
616 4056 870 4095 Viceadrniraldis,
889 4055 1120 4097 Marescallibus,
1136 4060 1198 4092 Ca-

1186 143 1667 190 PUBLICA·
2178 164 2259 205 199

1188 232 1324 275 pitaneis,
1349 231 1803 276 Conductoribusssxercituum
1823 233 2003 275 nostrorum,
2028 231 2186 276 Militibus,
2213 247 2247 268 ac
2271 235 2338 267 Ann
2359 233 2401 268 D.

1185 271 1320 313 omnihus
1338 270 1370 300 &
1389 271 1497 310 lingulis
1516 270 1642 300 Subditis
1660 271 1853 314 nostris,btam
1871 274 1899 303 in
1920 275 1995 305 Mari
2018 277 2104 315 quam
2121 277 2150 306 in
2168 275 2246 307 Ter·
2290 283 2382 314 1521.

1188 318 1217 338 ra
1233 308 1431 346 existentibus,
1457 316 1591 347 quatenus
1610 308 1755 339 Contenta
1783 320 1809 338 in
1828 312 1969 348 praediffls
1989 315 2122 345 Articulis
2141 314 2247 346 faciant
2270 318 2334 343 Hm·
2348 313 2379 342 8·

1187 346 1299 390 indilate
1315 348 1475 386 observari,
1493 346 1645 377 Puniendo
1664 347 1777 376 illorum
1792 347 1964 380 Infradtores
1980 360 2011 382 ut
2022 352 2099 389 juris
2114 353 2199 385 fuerit
2212 354 2247 386 δι
2372 349 2379 351 ἡ

1187 391 1200 415 r
1216 393 1311 415 tionis.

1201 396 1265 454 aEt
1284 425 1320 453 ne
1339 423 1434 461 aliquis
1454 423 1668 454 Contentorum
1688 423 1716 452 in
1735 422 1876 460 praedicris
1901 423 2036 457 Articulis
2055 427 2250 467 Ignorantiam

1189 462 1363 530 praffieiidere
1382 462 1488 500 valeat,
1507 462 1647 493 Volumus
1667 463 1746 499 quod
1763 462 1834 491 sono
1852 462 1949 493 Tubae
1964 466 1994 494 in
2011 466 2095 497 Locis
2111 469 2249 500 consuetis

1190 510 1227 538 pu
1260 510 1376 531 icentur.

1227 537 1262 568 In
1274 548 1409 583 *quorum
1433 538 1537 583 Fidem
1562 539 1595 569 ὅτ
1622 537 1841 583 Testimonium
1868 538 1910 568 his
1935 537 2138 583 Praesentibus,
2156 543 2249 578 Manu

1190 575 1287 607 nostra
1312 577 1437 617 signatis,
1463 577 1595 617 Sigillum
1615 576 1743 607 nostrum
1761 577 1896 608 duximus
1912 580 2124 617 apponendum.

1227 651 1336 684 Datum
1354 654 1384 683 in
1402 654 1503 692 Oppido
1522 653 1608 691 nostro
1627 656 1736 683 Montis
1752 653 1903 692 Hanom‘ae,
1929 653 1976 685 die
2002 653 2135 687 secunda
2164 658 2251 691 Men·-

1192 691 1225 722 sis
1249 691 1406 730 octobris,
1446 691 1535 721 Anno
1561 692 1684 722 Domini
1711 692 1869 723 Millelimo
1892 693 2121 732 quingentesimo
2147 696 2252 728 Vicesi—v

1192 739 1244 761 mo
1284 731 1377 768 rimo,
1402 730 1576 766 Regnorum
1595 733 1666 761 vero
1681 730 1846 761 nostrorum
1864 731 2022 768 (videlicet)
2045 732 2248 766 Romanorum

1192 769 1227 800 &
1275 770 1399 808 ongariae
1413 770 1474 801 &c.
1493 769 1613 807 Tertio,
1630 770 1664 800 ὃς
1676 768 1894 809 Hispaniarum,
1913 770 1975 801 &c-
1994 771 2093 802 Sexto.

1230 848 1273 876 Sic
1290 845 1452 886 Signatum,

1876 921 2113 962 ,Canacen

1499 999 1555 1030 Per
1573 996 1776 1039 Imperatorem.

1955 1076 1983 1108 L
1993 1087 2015 1108 A
2024 1086 2045 1108 L
2055 1086 2074 1109 ε
2085 1086 2114 1109 Μ
2122 1089 2144 1109 Α
2155 1087 2178 1110 N
2190 1087 2223 1110 n.-

1238 1149 1292 1183 Sub
1308 1149 1398 1192 Sigillo
1416 1154 1449 1185 de
1468 1154 1538 1184 Ceri
1555 1150 1650 1184 rubea.

1239 1228 1275 1260 In
1292 1231 1371 1270 cujus
1390 1229 1444 1261 Rei
1465 1229 1684 1262 Testimonium
1703 1228 1770 1262 huic
1787 1229 1915 1270 praesenti
1927 1229 2123 1272 Tranfiimpto
2140 1231 2267 1265 nostrum

1202 1266 1322 1300 fecimus
1339 1271 1447 1309 apponi
1465 1269 1607 1310 Sigillum.

1243 1345 1356 1377 Datum
1375 1346 1498 1388 calafiae,
1523 1346 1571 1378 die
1594 1346 1748 1378 undecima
1770 1345 1879 1378 Mensis
1896 1346 2060 1387 octobris,
2085 1348 2173 1380 Anno
2200 1347 2267 1380 Do·

1203 1385 1277 1415 mini
1296 1385 1453 1417 Millesimo
1469 1385 1709 1427 Quingentelimo
1726 1385 1878 1424 Vigefimo
1900 1386 2015 1426 Primo,
2040 1390 2075 1420 &
2095 1387 2194 1427 Regni
2211 1397 2271 1425 no}

1204 1422 1252 1454 stri
1267 1423 1411 1462 Septimo.

1317 1498 1372 1531 Per
1388 1505 1487 1541 Regem
1504 1501 1545 1532 ad
1556 1500 1726 1532 Relationem
1745 1498 1874 1540 vestram..

1496 1577 1613 1610 collatio
1622 1577 1710 1620 falla
1729 1590 1787 1612 cum
1803 1579 1948 1618 Origimh'.

1953 1654 2154 1689 Hsnorn:

1336 1732 1391 1762 Sub
1401 1734 1528 1802 thagno
1551 1732 1642 1773 sigillo
1671 1734 1706 1766 de
1728 1735 1800 1765 Cerci
1825 1732 1893 1765 albii
1917 1745 1936 1764 a
1961 1732 2059 1772 duplica·
2088 1731 2175 1764 cauda
2201 1736 2270 1773 pen-j

1421 1782 1452 1801 en
1468 1783 1491 1802 e.

1411 1913 1432 1935 *
1457 1914 1547 1947 Bulla
1564 1925 1620 1961 pro
1643 1915 1748 1949 ‘ritulo
1775 1916 1943 1962 Deft’nfiiris
1965 1916 2061 1954 fidei.
2298 1912 2319 1936 θ
2342 1914 2446 1948 xlii(

2336 1958 2401 1990 756-

1275 2009 1339 2042 ΕΟ
1358 2010 1593 2043 Episcopus
1611 2014 1759 2042 Servorum
1778 2010 1833 2043 Dei
1869 2010 2026 2045 Cariffimo
2044 2015 2075 2045 in
2093 2009 2212 2046 Christo
2226 2012 2274 2046 Fi·
2297 1990 2373 2025 Am*
2386 1990 2429 2024 D'

1293 2051 1350 2095 lio,
1368 2053 1486 2080 Henri'co
1500 2050 1618 2096 'Apgliae
1636 2053 1721 2090 Regi,
1741 2051 1821 2082 Fidei
1840 2037 2009 2092 Defensori,
2035 2053 2161 2085 salntem
2179 2055 2213 2086 ὃς
2233 2054 2278 2086 Α,
2318 2040 2403 2072 1521.

1213 2089 1384 2130 postolieam
1402 2088 1644 2120 Benedictionem.
2003 2125 2004 2128 Ἴ
2295 2075 2412 2136 A”·8¹5·

1237 2128 1295 2173 ’Ex
1310 2128 1436 2173 supernae
1449 2127 1794 2173 Dispofitionistarbitrio,
1818 2129 1884 2160 licet
1905 2130 2062 2168 imparibus
2086 2131 2209 2170 meritis,
2228 2124 2276 2162 U·
2297 2115 2338 2176 ’ἔκ
2368 2131 2430 2176 ori«

1214 2167 1352 2198 niverfiilis
1376 2166 1512 2197 Ecclesiae
1534 2167 1686 2205 Regimim
1709 2166 1908 2206 Praefidentes,
1931 2170 1966 2200 ad
1988 2169 2047 2199 hoc
2066 2171 2163 2200 cordis
2186 2170 2275 2201 nostri

1215 2206 1301 2246 longe
1316 2206 1427 2244 lateque
1440 2204 1628 2236 diffundimus
1644 2205 1850 2245 Cogitatus,ut
1864 2206 1947 2237 Fides
1961 2206 2131 2247 Catholica,
2148 2209 2205 2240 sine
2220 2209 2277 2249 quss.
2294 2184 2436 2285 2,ίέ
2445 2173 2542 2223 spus

2419 2276 2422 2277 γ
2435 2276 2441 2280 .
2469 2253 2542 2283 βῆ·

2312 2295 2513 2358 (Kome-2¹.

1216 2254 1304 2274 nemo
1319 2245 1434 2282 proficit
1452 2244 1486 2274 ad
1503 2244 1646 2282 Salutem,
1664 2245 1836 2275 continuum
1854 2245 1982 2283 suscipiat
1998 2244 2229 2286 lucrementum,
2243 2248 2280 2279 δε

1218 2291 1249 2313 ut
1264 2292 1295 2312 ea
1332 2293 1395 2321 quae
1409 2292 1460 2319 pro
1476 2282 1644 2312 cohibendis
1659 2282 1820 2313 Conatibus
1836 2282 1914 2313 illam
1927 2284 2088 2322 deprimere
2110 2294 2156 2317 aut
2184 2289 2278 2324 pravis

1222 2305 1466 2364 mendacibusque
1480 2321 1635 2352 Comentis
1647 2329 1806 2361 pervertere
1821 2322 1856 2353 ὃ(
1871 2322 2018 2362 denigrare
2034 2323 2282 2364 Molientium‚sa-

1220 2360 1259 2392 na
1283 2359 1572 2402 Christi-Fidelium,
1604 2359 1757 2397 praesertim
1780 2359 1932 2398 Dignitate
1953 2361 2060 2399 Regali
2083 2360 2282 2405 Fulgentium‚

1222 2398 1366 2429 Doctrina
1387 2401 1447 2429 lunt
1472 2398 1616 2436 disposita,
1635 2399 1775 2428 continuis
1815 2398 1939 2430 erficiant
1962 2398 2167 2441 Incrementis,
2185 2401 2283 2435 Parte·

1221 2436 1308 2468 nostri
1327 2436 1483 2466 Ministerii
1496 2438 1530 2467 &
1543 2435 1673 2474 Operam
1686 2438 1784 2473 imperi
1808 2438 1880 2468 imus
1895 2437 2042 2469 efficaces:
2101 2472 2103 2475 v

1259 2475 1314 2512 Et,
1331 2475 1400 2505 sicut
1414 2474 1460 2505 alii
1472 2474 1601 2506 Romani
1618 2472 1787 2513 Pontifices,
1808 2474 2028 2507 Praedecessores
2047 2477 2153 2517 nostri,
2171 2474 2283 2512 Catho—

1221 2514 1293 2544 licos
1313 2512 1458 2550 Principes
1483 2518 1583 2552 (prout
1602 2512 1714 2542 Rerum
1730 2513 1764 2543 &
1782 2513 1967 2551 Temporum
1992 2516 2109 2553 qualitas
2131 2519 2280 2558 exigebat)

1223 2550 1390 2590 specialibus
1408 2551 1561 2582 Favoribus
1580 2551 1708 2590 prosequi
1727 2552 1951 2593 consueverunt,
1970 2553 2032 2585 illos
2052 2555 2285 2598 praeserrim,qui

1223 2590 1390 2621 Procelloiis
1415 2590 1611 2629 temporibus,
1637 2590 1670 2621 &
1693 2590 1792 2622 rabidi
1815 2591 2052 2624 scismaticorum
2070 2595 2103 2625 ὃς
2123 2594 2286 2628 Haereticoa

1225 2640 1289 2660 rum
1309 2629 1434 2659 fervente
1453 2627 1592 2665 Perfidia,
1614 2636 1673 2659 non
1691 2628 1785 2659 solum
1801 2631 1830 2659 in
1851 2630 1930 2661 Fidei
1947 2631 2105 2664 Serenitate
2122 2634 2157 2664 δε
2180 2634 2286 2666 Devo-

1224 2670 1303 2700 tione
1321 2667 1426 2699 illibata
1443 2667 1634 2698 Sacrosanetae
1653 2667 1797 2698 Romanae
1817 2667 1949 2700 Ecclesiae
1972 2671 2138 2702 immobiles
2158 2672 2286 2709 perstite-

1227 2716 1312 2744 runt,
1336 2707 1436 2737 verum
1464 2708 1570 2744 etiarn,
1595 2714 1727 2744 tanquam
1753 2707 1833 2744 ipsius
1851 2707 1986 2739 Ecclesiae
2003 2708 2126 2746 legitimi
2142 2711 2224 2749 Filii,
2248 2722 2283 2743 ac

1226 2745 1366 2776 fortissimi
1387 2744 1520 2783 Athletae,
1540 2744 1771 2775 Scismaticorum
1790 2746 1823 2776 &
1840 2745 2059 2778 Haereticorum
2077 2749 2175 2779 insanis
2193 2750 2288 2781 Furo*

1226 2785 1303 2815 ribus
1320 2784 1493 2822 spiritualiter
1511 2785 1544 2815 &
1564 2783 1753 2820 temporaliter
1767 2783 1794 2814 se
1811 2785 2026 2822 opposuerunts
2053 2786 2090 2817 ita
2113 2789 2197 2818 etiam
2217 2788 2286 2820 Nos

1232 2823 1409 2863 Maiestatem
1427 2831 1522 2860 tuam,
1541 2830 1653 2861 propter
1674 2821 1783 2853 Excelsa
1802 2824 1836 2854 &
1862 2822 2037 2855 immortalia
2062 2825 2120 2863 q'us
2137 2836 2204 2864 erga
2223 2827 2291 2858 Nos

1229 2864 1262 2894 &
1280 2864 1353 2893 hanc
1371 2862 1506 2893 Sandhm
1530 2861 1652 2898 Sedem,
1671 2862 1700 2890 in
1719 2871 1789 2900 qua,
1804 2860 1989 2893 Permiffione
2011 2862 2135 2903 Divina,
2152 2865 2290 2906 sedemus,

1229 2900 1328 2939 Opera
1343 2901 1375 2931 ὃ(
1396 2899 1503 2938 Gesta,
1520 2900 1675 2937 condignis
1694 2900 1728 2930 &
1747 2900 1954 2931 immortalibus
1979 2901 2131 2934 Praeconiis
2156 2904 2189 2934 &
2218 2905 2291 2936 Lau-·

1228 2941 1312 2970 dibus
1330 2938 1430 2970 efferre
1446 2940 1650 2977 desideramus,
1666 2948 1701 2969 ac
1720 2948 1753 2968 ea
1773 2939 1822 2969 sibi
1839 2940 1997 2971 concedere
2023 2947 2139 2979 propter
2156 2952 2220 2982 qtre
2246 2945 2292 2975 in·

1230 2979 1348 3015 vigilare
1371 2979 1474 3009 debeat
1499 2989 1515 3008 a
1541 2977 1641 3014 Grege
1667 2977 1831 3008 Dominico
1860 2978 1957 3017 Lupos
1983 2989 2097 3020 arcere,
2128 2981 2161 3012 &
2188 2981 2290 3014 Putida

1231 3016 1386 3055 Membra,
1409 3027 1473 3055 quae
1502 3015 1663 3058 Mysticum
1690 3015 1799 3046 Christi
1824 3016 1938 3055 Corpus
1962 3017 2112 3058 inficiunt,
2146 3019 2232 3051 Ferro
2254 3023 2290 3053 &

1230 3055 1371 3086 Materiali
1397 3054 1709 3093 Gladio¹ablcindere,
1735 3056 1769 3086 &
1794 3059 1953 3087 nutantium
1979 3055 2080 3088 Corda
2100 3058 2238 3090 Fidelium
2257 3061 2288 3091 in

1228 3094 1307 3125 Fidei
1327 3093 1472 3125 Soliditate
1489 3093 1666 3124 confirmare.

1269 3134 1343 3163 Sane
1369 3134 1440 3164 cum
1467 3142 1555 3170 nuper
1584 3131 1715 3163 Dilectus
1740 3131 1824 3163 Filius
1846 3132 1992 3171 Johannes
2016 3129 2113 3174 Clerk,
2134 3129 2292 3174 Majestatis

1232 3181 1287 3202 tuae
1303 3172 1376 3209 apud
1396 3171 1461 3202 Nos
1479 3171 1603 3209 Orator,
1620 3171 1648 3200 in
1667 3170 1835 3201 consistorio
1853 3171 1969 3210 nostro,
1998 3183 2098 3204 coram
2120 3174 2293 3207 Venerabili-1

1231 3212 1283 3241 bus
1303 3208 1441 3240 Fratribus
1458 3209 1558 3240 nostris
1573 3208 1686 3239 Sandlae
1705 3209 1849 3240 Romanae
1867 3210 2004 3242 Ecclesiae
2023 3211 2232 3252 cardinalibus,
2254 3216 2290 3245 δε

1232 3250 1426 3287 compluribus
1444 3249 1500 3278 aliis
1516 3247 1660 3278 Romanae
1676 3247 1773 3278 Curiae
1789 3248 1912 3279 Praelatis
1932 3249 2067 3288 Librum,
2090 3261 2176 3290 quein
2195 3252 2289 3282 ΜΛ».-

1224 3288 1283 3328 stas
1301 3295 1367 3325 tua,
1385 3287 1548 3325 Charitate,
1561 3296 1626 3324 quae
1643 3287 1742 3317 omnia
1761 3288 1858 3318 sedulo
1873 3288 1981 3319 &nihil
2000 3292 2143 3326 perperam
2162 3291 2236 3329 agir,
2267 3293 2291 3321 i-

1229 3327 1330 3364 deique
1347 3326 1506 3356 Catholicae
1527 3325 1603 3356 Zelo
1620 3325 1751 3363 accensa,
1769 3335 1802 3355 ac
1820 3326 1991 3356 Devotionis
2007 3337 2075 3364 erga
2093 3328 2198 3359 Nos&
2215 3328 2289 3362 hane

1231 3366 1365 3395 Sanctam
1390 3365 1495 3394 Sedem
1524 3364 1636 3395 fervore
1658 3363 1819 3402 inflamma,
1847 3373 1948 3395 contra
1971 3365 2088 3396 Errores
2113 3367 2289 3398 divertorum

1231 3403 1463 3441 Haereticorum,
1481 3403 1578 3440 saepius
1596 3403 1633 3432 ab
1649 3402 1700 3432 hac
1720 3402 1822 3433 Sancta
1845 3403 1916 3433 Sede
1944 3402 2118 3442 Damnum,
2145 3414 2290 3444 nuperque

1232 3452 1281 3481 per
1299 3445 1456 3472 Martinam
1475 3441 1628 3471 Lutherum
1647 3441 1786 3471 suscitatos
1805 3442 1838 3472 &
1854 3443 2021 3480 innovatos,
2048 3451 2182 3481 tanquam
2199 3446 2288 3476 nobi-

1231 3483 1258 3512 le
1276 3491 1308 3511 ac
1326 3480 1439 3511 salutare
1456 3479 1602 3518 quoddam
1619 3480 1797 3518 antidotum,
1817 3480 1993 3517 composuit,
2010 3480 2111 3510 Nobis
2124 3484 2289 3514 examinan-

1183 3538 1194 3553 ‚
1231 3520 1318 3558 duni,
1335 3521 1369 3550 ὃ(
1389 3520 1492 3549 deinde
1513 3518 1686 3548 Audieritate
1702 3517 1797 3548 nostra
1815 3518 2046 3556 approbandum,
2071 3520 2230 3560 obtulisset,
2253 3532 2289 3554 ac

1232 3558 1373 3590 luculenti]
1401 3557 1540 3587 Oratione
1566 3556 1612 3586 sus
1632 3556 1796 3594 exposuisset
1822 3555 1995 3595 majestatem
2014 3563 2091 3587 tuam
2107 3568 2233 3598 paratam
2253 3569 2288 3592 ac

1231 3598 1388 3635 dispolitatn
1405 3595 1461 3626 esse
1481 3604 1528 3633 ut,
1541 3595 1787 3632 quemadmodum
1805 3596 1874 3624 veris
1892 3595 2062 3625 Rationibus
2085 3607 2118 3627 ac
2142 3599 2290 3638 irrefraga-

1233 3637 1334 3667 bilibus
1352 3634 1446 3665 Sacrae
1464 3634 1613 3671 Scripturae
1630 3634 1664 3664 &
1682 3633 1851 3663 Sanetorum
1867 3632 1980 3662 Parrum
1999 3633 2223 3667 Aueioritatibus
2237 3647 2291 3668 no-

1235 3677 1324 3706 torios
1349 3673 1466 3703 Errores
1490 3673 1615 3710 ejusdem
1640 3674 1763 3701 Martini
1787 3671 2000 3710 confutaverat,
2025 3681 2060 3703 ita
2086 3676 2170 3705 eriam
2188 3685 2294 3706 omnes

1235 3724 1284 3744 eos
1309 3712 1383 3751 sequi
1409 3712 1441 3743 &
1466 3710 1609 3741 defensare
1626 3711 1820 3748 praesumentes
1838 3710 1923 3739 totius
1939 3709 2041 3749 Regni
2064 3712 2103 3744 sui
2124 3713 2238 3745 Viribus
2257 3716 2292 3746 δε

1238 3753 1334 3783 Armis
1353 3750 1547 3789 persequatur,

1273 3790 1396 3827 Nosque
1415 3790 1471 3826 eJ'us
1489 3788 1571 3818 Libri
1589 3786 1782 3817 admirabilem
1802 3785 1944 3824 quandam
1970 3788 2004 3818 ὃς
2030 3786 2165 3819 Coelestis
2180 3786 2292 3822 Gratiae

1236 3839 1299 3860 rore
1318 3826 1492 3864 conspersam
1512 3825 1686 3856 Deditinam
1703 3825 1854 3862 diligenter
1870 3834 2055 3865 accurateque
2064 3828 2292 3869 introspeximus,

1238 3866 1443 3904 Omniporenti
1461 3864 1530 3894 Deo
1566 3873 1582 3893 a
1600 3873 1659 3901 quo
1677 3873 1766 3893 omne
1783 3863 1894 3894 Datum
1911 3866 2057 3902 optimum
2075 3866 2108 3896 ὃ(
2122 3877 2213 3897 omne
2229 3868 2296 3899 Do-

1238 3917 1310 3937 num
1330 3903 1487 3943 ρετῑεᾶυῑη
1505 3913 1523 3932 e
1554 3924 1564 3940 ,
1581 3901 1730 3932 immensas
1745 3900 1858 3932 Gratias
1880 3905 2010 3942 egimus,
2036 3905 2083 3941 qui
2101 3907 2240 3942 optimam
2258 3908 2297 3939 &a

1241 3945 1274 3976 ad
1294 3954 1383 3974 omne
1403 3942 1516 3973 Bonum
1534 3941 1698 3971 inclinatam
1719 3949 1843 3971 mentem
1864 3950 1941 3972 tuam
1959 3943 2105 3982 inspirare,
2131 3952 2212 3983 eique
2235 3952 2296 3975 tan⁴

1241 3992 1299 4013 tam
1321 3982 1450 4013 Gratiam
1470 3981 1585 4017 superne
1605 3978 1754 4009 infundere
1772 3981 1902 4017 dignatus
1920 3981 1988 4018 suit,
2004 3990 2031 4011 ut
2045 3991 2077 4011 ea
2088 3984 2221 4014 scriberes
2235 3985 2298 4022 qui·

1243 4022 1295 4052 bus
1320 4021 1454 4051 Sanctam
1480 4020 1537 4055 ej'us
1563 4017 1662 4048 Fidem
1681 4025 1780 4048 contra
1804 4024 1913 4050 novum
1937 4019 2071 4049 errorum
2088 4019 2299 4052 Damnatorum

1246 4059 1405 4098 hujusmodi
1425 4057 1622 4089 Suscitatorern
1640 4055 1822 4094 defenderes,
1838 4067 1871 4088 ac
1889 4057 2010 4096 reliquos
2026 4058 2121 4100 Reges
2139 4060 2174 4091 <Sc
2190 4060 2302 4090 Primi-

2252 4105 2304 4134 pes
