2542 4274
129 117 206 157 188
616 99 1416 150 CONVENT·10NE8,

0 199 113 235 lnn.D.
132 201 192 238 gillo
210 199 277 229 dieii
289 192 525 228 Reverendissimi
540 192 630 225 Patris
640 192 783 234 fiaebftripfi
800 191 838 228 ὠ·
856 199 988 234 quantum
1007 194 1038 221 in
1061 193 1112 221 Me
1127 189 1191 228 effi’t

12 249 97 281 1533.
129 233 182 270 ‘vel
195 239 235 267 ad
252 238 300 266 Me
317 239 446 265 attineret
462 231 615 272 publicavi,
633 241 713 274 atque
732 235 761 262 in
777 232 849 262 hanc
861 229 993 269 publicam
1017 228 1056 263 ὥ·
1083 230 1194 273 auffera-

0 285 49 310 lm.
69 281 98 309 ὃ.
133 282 213 308 ticam
233 279 354 305 Formam
372 273 475 310 redegi,
494 274 619 311 Signaque
636 270 674 307 ὠ»
691 272 809 300 Nomine
825 267 979 307 meisfiilitis
1001 267 1039 304 ὠ·
1068 266 1194 306 consuetis

124 317 236 359 fignavi
253 317 283 344 in
295 313 386 342 Fidem
401 310 441 347 όν
455 309 640 349 Testimonium
651 313 766 341 omnium
780 305 984 346 Praemiffivrum.

1497 100 1898 154 LITERAE,

1234 196 1324 226 quain
1337 185 1383 217 vel
1394 184 1496 217 Causae
1507 185 1621 225 Justiti‘a
1636 187 1682 219 vel
1697 187 1802 219 nostrae
1816 187 1973 227 Dignitatis
1984 187 2018 220 &
2032 187 2207 218 Meritorum
2224 183 2298 218 Res·
2313 182 2388 216 Ann.
2406 182 2448 216 D;

1236 226 1334 266 ρεᾶυς
1347 224 1392 255 vel
1409 223 1560 256 Officiisui
1574 226 1662 257 Ratio
1683 226 1860 265 postulabat,
1886 227 2034 265 tradiavit,
2058 227 2154 257 multis
2176 225 2298 264 magnis·
2338 231 2422 263 1533.

1237 274 1294 302 que
1305 262 1402 294 affecit
1418 262 1531 302 Iniuriis
1543 275 1611 303 quas
1626 275 1703 296 nunc
1718 265 1850 296 consulto
1868 266 1895 296 su
1917 267 2065 305 rimimus,
2082 264 2187 296 deinde
2204 264 2224 294 fi
2240 263 2301 295 Res
2316 268 2380 292 Hen.
2401 263 2428 293 8.

1237 303 1327 341 exigat
1344 301 1530 342 divulgatuti,
1548 304 1678 335 humanis
1692 303 1848 334 affectibus
1863 303 1890 334 se
1901 314 1917 333 e
1930 305 2112 343 permittens,
2131 304 2165 335 ad
2184 303 2301 334 ulterio-

1 1153 80 1185 ΑΜ-
94 1151 142 1184 D·
182 1168 204 1192 tux
225 1158 292 1190 Det
308 1156 457 1187 Nemmi-
477 1152 601 1187 AMEN,
1183 1187 1185 1189 Ι
1251 1150 1328 1180 laesos
1342 1149 1448 1180 servare
1465 1150 1497 1180 ὃ(
1514 1148 1657 1187 Legitimo
1678 1147 1863 1179 Defenfionis
1885 1146 1984 1183 Clipio
2007 1155 2172 1186 protegere,
2194 1158 2313 1181 necnon

23 1200 111 1231 ΠΒ·
154 1161 179 1216 I
201 1197 268 1228 Nos
286 1193 462 1230 Edwardus,
481 1188 666 1221 Permissione
681 1186 812 1224 Divina,
832 1185 1007 1226 Eboracenfis
1027 1185 1211 1224 Archiepifco-
1252 1189 1282 1218 in
1297 1190 1404 1219 unitate
1419 1186 1589 1218 Christianae
1604 1186 1681 1216 Fidei
1695 1186 1828 1224 solitaque
1851 1186 2099 1216 Sacramentorum
2122 1187 2314 1227 participatio·

0 1223 55 1259 Δι’.
73 1240 87 1257 2
92 1240 119 1265 5·
151 1241 202 1272 pus
217 1234 329 1266 Anvliae
348 1235 454 1263 Primus
469 1228 507 1264 ό·
523 1226 681 1267 Apostolicae
698 1225 773 1255 Sedis
791 1227 930 1264 Legatos,
949 1225 1068 1255 'l'enore
1089 1225 1215 1256 Praeien-
1253 1237 1288 1258 ne
1305 1229 1337 1258 &
1375 1226 1469 1257 ristina
1485 1225 1635 1256 Charitatis
1659 1225 1798 1255 Armonia
1818 1225 1983 1255 conservare
2003 1224 2037 1255 &
2061 1233 2262 1265 manutenere,
2278 1236 2314 1257 ac

3 1273 38 1296 H.
52 1268 81 1296 8.
157 1276 229 1305 tium
246 1259 360 1303 Nootum
375 1271 493 1300 facimus
507 1265 639 1297 universis
656 1264 753 1304 quod,
970 1268 973 1270 ’
1253 1276 1289 1296 ne
1303 1266 1338 1295 ab
1370 1265 1515 1303 ntegritate
1529 1263 1665 1294 Ecclesiae
1683 1264 1779 1302 quavis
1798 1263 1977 1294 Auetorirate
1992 1263 2084 1301 quoad
2107 1263 2264 1295 humanam
2282 1275 2312 1296 e-

2 1311 45 1335 «ΕΧ
63 1310 121 1334 ‘¹¹⁴'
196 1316 283 1344 Anno
307 1312 417 1341 Domini
436 1305 576 1345 Millefimo
598 1302 819 1343 Quingentefima
844 1304 918 1332 Trite
930 1313 980 1331 'mo
1004 1304 1093 1331 Tertio
1136 1299 1215 1330 Indi·
1252 1306 1320 1335 tiam
1337 1303 1560 1342 Reputationem
1577 1301 1693 1333 rescindi
1707 1302 1872 1339 videantur,
1887 1311 1958 1332 curn
1975 1311 2006 1331 re
2021 1312 2086 1333 vera
2101 1312 2139 1332 ne
2154 1303 2192 1333 sic
2209 1304 2316 1335 rescin-

1 1352 66 1381 ’0ζῆ
154 1351 250 1382 &ione
273 1349 353 1380 Sexta
364 1369 373 1384 ,
398 1342 588 1376 Pontificatus
609 1341 779 1372 Sanffiffimi
803 1342 832 1372 in
847 1339 965 1370 Christo
979 1339 1068 1384 Patris
1092 1324 1125 1370 gc
1148 1338 1215 1369 Do·
1253 1343 1370 1381 dantur,
1388 1351 1481 1380 neque
1497 1341 1616 1372 rescindi
1634 1341 1718 1371 velint
1734 1349 1782 1371 aut
1793 1340 1897 1384 possint
1913 1350 2033 1379 quoquo
2055 1340 2165 1384 modo,
2178 1342 2315 1373 defende-

154 1390 225 1420 mini
238 1387 348 1424 nostri,
366 1383 489 1414 Domini
503 1381 670 1418 Clementis,
690 1378 800 1410 Divina
813 1378 1003 1409 Providentia
1011 1402 1025 1423 .².
1040 1378 1122 1422 hujus
1142 1377 1213 1408 No·
1253 1392 1282 1412 re
1299 1381 1331 1412 &
1345 1382 1432 1419 tueri,
1452 1379 1654 1419 Populumque
1669 1379 1776 1423 Nobis·
1791 1379 1948 1423 subJeCium
1971 1380 2005 1411 &
2024 1379 2160 1423 divinitus
2180 1381 2315 1411 commis-

151 1427 238 1458 minis
252 1427 334 1463 Papa:
347 1425 455 1461 Septimi
470 1421 558 1452 Anno
573 1419 721 1458 Decimo,
740 1417 849 1449 Mensis
865 1419 935 1448 vero
947 1416 1028 1455 Junn
1044 1416 1103 1447 Die
1116 1417 1213 1455 penul·
1253 1420 1312 1451 sum
1323 1442 1333 1458 ‚
1351 1430 1386 1451 ne
1398 1420 1457 1456 jam
1472 1420 1568 1450 saltem
1585 1419 1620 1448 ab
1639 1418 1657 1438 ²¹⁵
1678 1417 1852 1448 obedientia
1866 1417 1994 1461 Romam
2008 1416 2165 1455 pontificis,
2179 1426 2312 1458 tanquam
2329 1415 2350 1434 ὓ
2361 1416 2442 1444 xlv.

152 1467 243 1502 timo,
260 1464 290 1494 in
305 1462 425 1500 quidam
443 1460 497 1490 alta
514 1457 638 1490 Cameria
652 1457 725 1488 infra
740 1456 905 1487 Mnnerium
929 1455 974 1486 Re
995 1456 1055 1486 ium
1075 1455 1111 1485 de
1135 1454 1212 1485 Gre-
1253 1458 1378 1489 Immitis
1390 1458 1423 1489 &
1438 1457 1569 1488 Crudelis
1584 1456 1723 1495 Pastoris,
1740 1458 1768 1488 in
1785 1465 1922 1487 eventurn
1935 1455 2007 1486 dieti
2025 1455 2111 1487 futuri
2132 1456 2316 1490 Gravaminis
2328 1454 2394 1491 473·

149 1502 281 1535 newiche
295 1500 427 1531 Roffenli
446 1498 585 1528 Dioecese
598 1497 713 1527 notorie
728 1494 839 1536 situati,
857 1504 956 1525 coram
1011 1494 1090 1532 obis,
1106 1493 1138 1524 ὃ(
1156 1493 1214 1524 Pu·
1254 1497 1363 1536 prorsus
1378 1496 1507 1535 recedat,
1525 1494 1668 1526 custodire
1682 1496 1716 1526 &
1734 1495 1870 1531 retinere,

150 1543 231 1574 blicis
247 1551 280 1572 ac
297 1538 473 1571 Aueteiiticis
488 1536 618 1567 Personis
632 1534 823 1572 Testibulque
843 1534 866 1564 F
868 1533 1004 1572 idedignis
1029 1532 1144 1565 inferius
1162 1543 1215 1563 no-
1292 1534 1508 1573 Metuentesque
1521 1544 1555 1564 ex
1569 1534 1708 1573 praedic'iis
1725 1535 1758 1565 &
1774 1534 1829 1564 aliis
1844 1532 1942 1564 Caufis
1956 1533 2151 1571 probabilibus
2165 1535 2200 1566 δε
2220 1535 2316 1566 verisi-

151 1581 264 1612 minatis
279 1577 461 1618 corporaliter
475 1575 641 1611 existentes,
1255 1574 1366 1605 milibus
1380 1573 1578 1612 Conjeeturis,
1595 1582 1710 1603 necnon
1719 1571 2002 1603 Comminationibus
2018 1573 2152 1609 injuriosis
2166 1573 2236 1604 dieti
2246 1574 2318 1605 San-

190 1617 388 1649 illustrissimus
416 1617 449 1647 &
479 1613 693 1645 Potentissimus
718 1609 856 1648 Princeps
879 1611 912 1642 ὃ(
943 1609 1092 1640 Dominus
1121 1609 1217 1640 noster
1255 1612 1370 1643 etiffirni
1386 1612 1509 1642 Domini
1525 1611 1613 1641 nostri
1625 1613 1707 1649 Papae
1722 1611 1850 1640 Moderni
1866 1610 1900 1641 ad
1915 1620 1992 1641 aures
2008 1611 2116 1641 nostras
2128 1612 2318 1644 diversimode

151 1660 284 1688 Hemicus
298 1657 435 1691 Odia-vus,
451 1652 509 1682 Dei
527 1651 631 1691 gratia,
653 1648 766 1687 Angliae
783 1648 821 1684 ἕν’
840 1652 963 1679 Franciae
977 1651 1038 1678 Rex
1062 1648 1137 1678 Fidei
1158 1651 1216 1678 De·
1255 1651 1379 1690 perlatis,
1393 1651 1503 1689 gravius
1518 1649 1620 1680 Nobis
1634 1651 1666 1681 δε
1683 1649 1792 1686 Regno
1813 1659 1846 1680 ac
1868 1648 1993 1679 Subditis
2011 1649 2112 1679 nostris
2136 1651 2214 1681 circa
2237 1650 2317 1682 Prae-

144 1695 242 1736 fivzfhr
256 1694 293 1730 έν
313 1697 442 1723 Dominus
457 1690 611 1728 Hiberniae,
628 1689 757 1729 quasdam
774 1687 1015 1719 Provocationem
1032 1688 1066 1718 &
1082 1687 1214 1730 Appella·
1255 1689 1335 1720 missa
1350 1690 1429 1726 posse
1445 1688 1480 1719 de
1495 1688 1573 1719 facto
1586 1687 1681 1718 saltem
1704 1687 1910 1725 Praejudicium
1934 1689 2081 1726 generari,
2107 1699 2148 1719 ne
2171 1690 2247 1728 Qis
2272 1689 2319 1721 vel

153 1736 263 1765 tionem
283 1732 481 1770 raptorumque
497 1729 671 1760 Petitionem
685 1727 719 1757 ὃ(
733 1725 970 1757 protestationem
985 1725 1068 1755 simul
1091 1726 1119 1755 in
1141 1725 1217 1755 Scri·
1256 1727 1334 1765 Qui,
1349 1729 1382 1759 ὃς
1399 1727 1552 1766 praesertim
1568 1725 1658 1756 dietus
1671 1725 1864 1756 Sanetiffimus
1879 1724 2028 1756 Dominus
2045 1726 2140 1757 noster
2156 1729 2232 1766 Papa
2250 1731 2317 1758 Mo-

155 1774 209 1812 ptis
224 1771 347 1802 redactas
360 1768 484 1806 expresse
502 1767 572 1797 fecit
589 1768 623 1798 ὃς
637 1763 819 1804 interposuit,
839 1765 1062 1802 provocavitque
1075 1773 1109 1794 ac
1126 1763 1215 1801 Apios
1254 1767 1369 1803 demus,
1385 1775 1431 1796 aut
1447 1765 1578 1795 Personae
1592 1773 1783 1802 quaecumque
1800 1764 1896 1801 quavis
1912 1763 2084 1795 Auctoritate
2108 1764 2183 1796 Vice
2206 1766 2319 1797 Nomi-

156 1812 239 1850 petiit
256 1812 289 1842 ὃς
303 1808 466 1846 protestatus
480 1806 550 1844 fuit,
569 1813 724 1842 caeteraque
739 1803 808 1833 fecit
822 1805 855 1834 &
870 1802 997 1834 exercuit
1018 1810 1088 1832 tunc
1110 1803 1142 1832 δε
1165 1803 1217 1832 ibi·
1255 1815 1290 1835 ne
1305 1803 1348 1834 vel
1364 1803 1505 1834 Mandato
1522 1801 1666 1839 Citando‚
1686 1801 1859 1839 Movendo‚
1882 1800 2099 1840 Praecipiendo,
2121 1804 2321 1843 Advocand0‚

156 1850 227 1880 dem
245 1857 326 1886 prout
345 1849 378 1878 &
397 1844 642 1884 quemadmodum
661 1843 690 1872 in
704 1841 826 1879 quadam
843 1842 943 1881 Papyri
960 1839 1117 1882 Schedula,
1133 1849 1219 1877 quam
1255 1841 1435 1880 Inhibendo,
1453 1840 1642 1877 Mandando,
1661 1838 1873 1876 Certificando,
1892 1839 2095 1878 Prohibendo,
2114 1840 2322 1882 Decernendo,

158 1889 187 1917 in
209 1887 340 1916 Manibus
355 1885 407 1914 suis
428 1893 496 1914 tunc
518 1883 623 1919 tenuit,
648 1880 758 1920 plenius
779 1882 943 1912 continetur
961 1901 972 1917 ,
997 1887 1076 1916 cnjus
1101 1878 1218 1916 quidem
1256 1879 1455 1918 Injungendo,
1481 1877 1701 1909 Comminando
1715 1900 1726 1916 ,
1753 1877 1959 1914 Suspendendo
1976 1900 1986 1916 ,
2008 1877 2322 1919 Excommunicando‚

157 1925 308 1957 Schedulae
321 1923 423 1954 Tenor
438 1922 556 1960 sequitur
572 1921 601 1949 in
617 1921 679 1950 haec
696 1918 809 1956 Verba·²
1257 1917 1478 1956 Interdicendo‚
1494 1916 1723 1960 Sequestrando,
1741 1914 1935 1954 Diffiniendo,
1950 1916 2146 1955 Amovendo,
2164 1918 2319 1957 privando,

1258 1956 1481 1988 Summonando
1493 1979 1502 1994 ,
1518 1954 1741 1987 Pronunciando
1755 1977 1766 1993 ,
1792 1954 1992 1993 Declarando,
2018 1955 2218 1995 AnnuHando,
2235 1958 2322 1989 Con-

192 2002 229 2032 In
252 2002 317 2032 Dm
337 1998 488 2030 Nomia
508 1995 633 2033 ΑΜΕΝ,
1258 1996 1409 2034 vocando,
1429 1993 1702 2031 Anathemissando,
1718 1992 1817 2024 aliasve
1832 2002 1881 2024 aut
1895 1994 1971 2024 aliter
1986 1995 2015 2023 in
2026 1994 2141 2033 judicio
2162 1996 2207 2026 vel
2226 2005 2323 2036 extra,

195 2041 304 2070 Coram
320 2039 405 2068 vobis
423 2034 670 2065 Reverendiffimo
693 2033 721 2063 in
743 2031 863 2062 Christo
889 2030 975 2061 Patre
997 2030 1131 2062 Domino
1155 2031 1216 2061 Ed·
1260 2035 1458 2066 communiter
1476 2041 1524 2064 aut
1535 2032 1666 2071 divisim,
1684 2032 1792 2063 directe
1809 2033 1855 2063 vel
1884 2032 2042 2070 indimdie,
2069 2034 2256 2071 principaliter
2274 2035 2322 2066 seu

155 2080 271 2115 wardo,
291 2075 479 2107 Permiffione
499 2073 625 2109 Divina,
645 2070 807 2110 Eboraccnfi
821 2069 1022 2109 Archiepiscopo
1040 2070 1152 2108 Angliae
1160 2072 1223 2100 Pri·
1259 2073 1438 2111 incidenter,
1458 2072 1580 2110 plenarie
1596 2071 1640 2102 vel
1655 2071 1824 2109 summarie,
1841 2070 1929 2102 aliave
1943 2071 2036 2101 forma
2053 2071 2111 2102 five
2132 2073 2223 2104 modo
2247 2084 2321 2113 quo-

157 2125 230 2148 mate
247 2116 284 2152 ὠν
300 2119 362 2153 Apo
387 2114 456 2143 oliva:
476 2112 548 2142 Sedis
567 2115 688 2147 Legata,
704 2108 848 2150 Vobisque
863 2109 985 2146 publicis
1007 2110 1040 2140 δε
1054 2109 1222 2139 authenticis
1261 2122 1377 2150 cunque
1391 2121 1426 2142 ex
1440 2110 1554 2142 Officio
1575 2119 1656 2140 mero
1676 2110 1770 2140 miXto
1790 2109 1836 2140 seu
1854 2118 1992 2146 promoto
2009 2132 2018 2147 ,
2041 2118 2090 2141 aut
2107 2110 2144 2142 ad
2166 2111 2256 2142 Partis
2277 2111 2323 2144 vel

159 2155 287 2187 Persiunis
304 2164 336 2184 ac
385 2152 487 2182 estibus
504 2150 666 2184 Fidedianis
681 2149 728 2178 hic
750 2147 953 2185 Praeiemihm,
979 2147 1065 2184 Nos,
1090 2150 1222 2178 Hemina
1261 2151 1390 2182 Partium
1404 2149 1568 2180 Instantiam
1582 2148 1636 2178 sive
1650 2147 1813 2182 Instantias,
1840 2147 2142 2181 Denunciationemve
2165 2150 2321 2188 Evangeli-

160 2197 299 2230 oelavus,
322 2192 375 2221 Dei
393 2189 510 2227 Gffiifi,
529 2188 642 2225 Angliae
656 2185 694 2222 &
709 2189 832 2228 francian
855 2188 915 2215 Rex
936 2186 1012 2215 fidei
1031 2185 1163 2223 Defensor
1184 2185 1223 2221 &⁶
1262 2199 1327 2220 cam
1342 2197 1389 2220 aut
1404 2189 1458 2219 alio
1474 2188 1576 2226 quovis
1595 2185 1700 2217 Medio
1719 2187 1773 2216 sive
1790 2185 1923 2228 Colore,
1934 2188 2088 2226 quicquam
2103 2189 2133 2217 in
2150 2187 2256 2219 Nostri
2272 2198 2320 2220 aut

160 2236 290 2264 Dominus
305 2231 461 2266 Hiberniae,
480 2237 533 2265 pro
548 2226 645 2256 Nobis
659 2227 692 2256 ὃς
709 2226 839 2254 univerio
861 2223 967 2261 Regno
984 2222 1084 2254 nostro
1099 2225 1222 2262 Antistiae,
1261 2227 1361 2264 Regni
1377 2227 1422 2258 vel
1439 2226 1629 2258 Subditorum
1651 2224 1816 2256 nostrorum
1838 2225 1998 2262 hujusmodi
2019 2227 2091 2256 circa
2114 2226 2254 2258 Praemiss'a
2273 2236 2321 2260 aut

9 2278 30 2297 ⁹
49 2278 118 2306 ³(1v
163 2271 322 2308 caeterisque
339 2268 427 2299 Locis
443 2266 543 2298 Nobis
557 2264 688 2303 subjectis
704 2262 896 2300 omnibusque
914 2264 933 2281 ³⁸
961 2263 995 2294 &
1019 2261 1133 2301 singulis
1155 2261 1222 2293 Vas·
1260 2275 1364 2297 eorum
1385 2266 1477 2303 aliqua
1503 2264 1708 2302 Praejudicium
1729 2263 1920 2303 Dispendium
1947 2263 2176 2302 Vilipendiumve
2199 2265 2321 2305 Oppro-

12 2295 80 2353 47³7,
124 2299 131 2307 ⁸
165 2310 249 2348 saHis,
269 2308 436 2339 feudatariis
447 2304 574 2335 Subditis
590 2305 622 2335 &
640 2303 738 2340 Ligeis
760 2300 861 2332 nostris
881 2299 993 2339 aliisque
1011 2299 1140 2331 Personis
1161 2302 1224 2339 qui-
1260 2305 1353 2335 brium
1366 2312 1412 2335 aut
1428 2303 1595 2334 Gravamen
1614 2302 1856 2344 qualitercumque
1877 2309 2014 2332 attentent
2037 2302 2095 2332 five
2118 2305 2256 2334 innovent
2277 2304 2320 2335 fi·

172 391 210 422 Er
224 388 332 420 constat
342 389 433 419 michi
446 386 480 418 de
489 387 713 419 Interlineatione
726 386 825 417 harum
834 383 1007 414 Dictionum
1020 382 1197 426 sequentium

137 430 285 467 videlicet,
303 426 455 466 Tricefimo,
473 428 542 456 inter
555 426 714 457 Secundam
733 426 765 456 δε
780 424 929 466 Tertiam,
946 420 1134 458 exhibuerunt,
1154 431 1197 466 in:

140 478 181 499 ter
201 466 474 505 Quinquageiimam
491 465 621 495 Tertiam
641 464 953 501 &Quinquagelimam
967 459 1127 503 ‘Qiartam,
1141 469 1196 502 uria

140 518 217 546 cum,
233 507 306 535 inter
321 504 523 542 sexagesimam
540 505 572 534 ὃ(
592 503 802 540 Sexagesimam
825 509 911 530 unam
937 498 1037 541 Lineas
1059 507 1073 526 a
1095 496 1199 540 Capite

141 547 222 583 hujus
245 543 427 574 instrumenti
447 541 667 579 computando,
695 549 763 578 quas
783 537 935 569 Dietiones
953 539 991 567 l1c
1015 535 1201 580 Interlineatas

142 583 272 622 approbo
287 583 320 614 &
332 582 413 612 omni
427 580 575 620 suspitione
590 578 695 611 sinistra
712 587 805 609 carere
819 576 888 608 volo
902 575 967 615 Ego
988 573 1130 606 Notarius
1150 583 1201 604 an-

141 622 272 653 tedictus.

180 698 227 729 Ad
245 699 337 729 imum
357 696 452 735 SIgni,

505 768 582 800 UT
622 778 687 801 >ia
725 778 862 808 outo
900 774 1079 801 N1M1s.

306 850 359 882 Sub
377 847 465 887 sigillo
479 846 594 888 praefati
620 846 750 885 Archiepi
764 849 816 884 copi
838 846 870 874 de
892 845 961 874 Cerci
981 843 1067 874 viridi
1085 844 1094 877 (
1107 841 1207 882 pyxide

345 888 463 928 incluso)
475 888 608 927 pendente
627 899 644 915 a
656 885 717 928 filis
748 888 821 914 eritis
838 882 895 913 albi
911 883 1001 912 coloris
1018 885 1187 912 intertextis.

148 1024 315 1072 Appellatio
340 1024 427 1068 Regis
449 1032 469 1054 a
496 1017 790 1099 Κονηαιέεέζὲἶορο
817 1014 862 1048 ad
877 1015 1023 1060 futurum
1039 1015 1205 1049 Concilium

166 2349 340 2386 buscumque
358 2345 456 2376 Nobis
471 2345 499 2373 in
518 2343 571 2373 hac
590 2350 666 2380 parte
683 2340 902 2371 Adhaetentibus
917 2340 950 2370 δε
963 2339 1105 2369 adhaerere
1124 2340 1224 2370 volen-

165 2389 260 2424 tibus,
279 2387 323 2416 via
339 2384 429 2415 modo
447 2383 480 2414 ὃ(
493 2380 568 2420 Juris
582 2382 673 2411 fornia
690 2378 870 2414 melioribus,
889 2387 923 2407 ac
944 2378 979 2407 ad
1003 2387 1126 2408 omnem
1152 2377 1222 2414 Iuris

162 2426 303 2457 effectum
321 2426 350 2453 in
366 2421 532 2458 Subscriptis
549 2419 634 2457 magis
647 2417 746 2447 utilem
763 2417 796 2447 &
820 2415 1025 2452 necessarium,
1040 2417 1110 2446 citra
1130 2425 1224 2446 tamen

163 2461 399 2496 Revocationem
414 2465 667 2498 quorumcumque
686 2454 914 2484 Procuratorum
936 2453 1072 2483 haEtenus
1090 2463 1138 2492 per
1156 2454 1225 2484 Nos

162 2501 382 2541 quomodolibet
401 2496 644 2531 constitutorum,
683 2531 688 2537 .
915 2528 919 2531 ¹
1058 2530 1064 2537 Ο

200 2539 400 2575 Praemissaque
420 2545 469 2575 per
486 2534 554 2564 Nos
574 2532 690 2563 solemni
712 2531 745 2562 δε
769 2529 894 2568 expressa
915 2528 1124 2560 protestatione
1165 2529 1223 2561 uod

161 2589 222 2610 non
238 2578 278 2608 cst
293 2576 397 2606 nostrae
413 2573 597 2609 intentionis,
615 2580 664 2608 per
678 2568 853 2606 Infrascripta
871 2591 881 2606 ,
904 2568 1009 2606 aliquid
1034 2577 1134 2599 contra
1174 2579 1222 2599 an·

160 2618 240 2649 &am
257 2614 438 2646 Catholicam
454 2613 487 2643 ὅτ,
501 2610 697 2649 Apostolicam
716 2607 872 2638 Ecclesiam
896 2606 1132 2646 sacrosanctaeque
1147 2607 1224 2637 Sedis

161 2654 341 2694 Apostolicae
359 2651 562 2682 Auctoritatem
579 2648 725 2678 Divinitus
743 2644 928 2681 concessam,
954 2645 1018 2675 alias
1038 2655 1125 2683 quam
1145 2645 1222 2675 Offi-

159 2696 197 2725 cii
215 2695 283 2724 boni
302 2694 335 2723 ἃ
353 2689 496 2720 Catholici
510 2687 650 2724 Principis
668 2685 770 2723 fuerit,
789 2684 883 2714 dicere
897 2682 1014 2714 asserere
1034 2683 1079 2714 seu
1106 2685 1220 2721 moliri,

163 2733 196 2764 ὅ(
212 2732 231 2762 si
246 2731 323 2763 secus
337 2739 351 2759 a
367 2728 466 2759 Nobis
482 2726 578 2764 agitari
595 2724 762 2762 contigerit,
781 2722 809 2752 id
823 2732 955 2752 revocare
972 2723 1004 2753 ὃ(
1017 2722 1165 2752 emendare
1179 2731 1221 2752 at-

163 2782 220 2810 que
236 2768 377 2801 catholice
395 2766 534 2804 corrigere
553 2765 680 2804 prompti
695 2762 798 2791 erimus
816 2762 849 2792 &
876 2762 961 2803 Parati
988 2762 1134 2797 quamcito
1154 2760 1220 2791 No-

161 2811 204 2840 bis
222 2810 257 2840 de
275 2809 332 2838 hoc
349 2813 442 2843 aperte
455 2803 614 2834 constiterit
633 2803 665 2832 &
686 2800 815 2842 legitime
830 2798 911 2828 fuerit
931 2798 1096 2842 persuasum,

202 2847 336 2877 Dicimus
353 2844 513 2881 Allegamus
535 2842 567 2872 ὃς
587 2842 615 2869 in
634 2840 676 2869 his
695 2838 823 2874 Scriptis,
847 2846 900 2873 pro
918 2837 1079 2879 Tutamine
1101 2838 1133 2867 &
1156 2836 1217 2867 De-

160 2884 288 2915 fensione
304 2882 433 2912 Veritatis
452 2879 653 2916 Evange1icae,
672 2876 796 2913 Fideque
808 2874 958 2904 Catholica
972 2884 1005 2905 ac
1029 2875 1102 2905 Pace
1117 2877 1149 2907 &
1169 2875 1218 2906 U-

161 2924 249 2955 nione
267 2923 296 2952 in
312 2920 418 2958 Regno
435 2918 467 2948 &
488 2917 576 2947 Locis
588 2915 726 2953 praedietis
741 2915 849 2951 semper
862 2913 894 2943 &
909 2921 1045 2951 perpetuo
1060 2914 1220 2951 retinendis,

161 2959 273 2999 aliisque
289 2958 457 2998 respectibus
472 2956 504 2987 δε
520 2954 606 2985 causis
622 2953 736 2983 inferius
749 2950 895 2995 expresso,
912 2952 1021 2982 Animo
1038 2952 1219 2984 Provocandi

162 3000 197 3032 δε
213 2996 374 3036 Appellandi
393 2994 585 3032 Proponimns
596 3015 606 3031 ,
621 2991 700 3030 quod
723 3000 811 3029 quum
824 2990 888 3020 allas
911 2989 1133 3021 Matrimonium
1150 2991 1219 3022 illud

164 3040 245 3074 quod
266 3037 322 3066 Nos
337 3035 409 3065 olim
429 3041 497 3063 curn
521 3031 630 3062 Nobili
657 3029 782 3060 Muliere
809 3031 928 3059 Domina
952 3028 1107 3058 Katherina
1122 3052 1132 3067 ,
1149 3028 1217 3060 Illu-

161 3076 224 3107 stris
244 3074 415 3109 Memoriae,
434 3070 594 3100 Fordinandi
607 3067 803 3107 Hispaniarum
819 3070 895 3104 Regis
918 3067 1008 3105 Filia,
1027 3068 1143 3098 Nobilis
1164 3068 1216 3098 Fa-

163 3124 233 3151 mae,
251 3111 373 3144 Arthuri
391 3112 520 3147 Principis
539 3107 646 3139 Walliae
664 3106 764 3138 Fratris
781 3106 868 3136 nostri
883 3105 1027 3136 Naturalis
1050 3108 1084 3137 &
1112 3107 1218 3144 Legiti-

164 3154 206 3184 mi
222 3152 350 3187 Rehc‘ta,
368 3150 404 3179 ab
418 3148 520 3178 eodem
535 3148 563 3176 in
580 3145 700 3176 Foedere
717 3144 923 3175 Matrimoniali
937 3145 1079 3175 carnaliter
1097 3147 1220 3183 cognita,

165 3191 202 3223 de
218 3191 295 3221 faeto
312 3188 504 3219 contraximus
523 3185 555 3215 ὃς
571 3184 851 3220 consummavimus,
870 3192 906 3212 eo
928 3185 1047 3213 maxime
1067 3185 1143 3223 quod
1163 3186 1219 3221 pri-

165 3239 219 3261 mo
236 3227 389 3260 Affinitatis
400 3223 499 3255 Gradu
513 3231 610 3254 contra
624 3221 807 3259 Praeceptum
819 3220 892 3259 juris
904 3220 1014 3259 Divini‚
1033 3221 1146 3252 Morale
1155 3223 1218 3260 qui-

166 3268 234 3299 dem
250 3268 283 3299 &
298 3263 526 3302 Indispensabile,
544 3259 734 3290 contractum
749 3267 826 3296 erat,
844 3258 971 3289 Nullum
996 3261 1104 3297 penitus
1122 3262 1154 3291 &
1174 3259 1221 3290 In·

166 3305 313 3343 validum,
332 3313 392 3334 non
406 3300 495 3332 modo
521 3299 721 3337 Principalium
748 3298 835 3327 Orbis
858 3296 1010 3328 Christiani
1033 3299 1222 3329 Achademia-

167 3354 232 3375 rum
245 3342 413 3378 Sententiis,
437 3348 519 3377 atque
542 3338 678 3368 Eccleliae
705 3336 871 3375 Anglicanae
896 3336 1038 3373 utriusque
1058 3337 1222 3368 Provinciae

169 3382 309 3412 Conciliis
326 3381 359 3412 ὅ(
376 3377 617 3414 DiffinitionibuS,
636 3376 825 3413 plurimorum
844 3374 966 3412 denique
981 3374 1223 3406 Doeiiffimoium

168 3419 308 3450 Virorum
323 3418 519 3457 Opinionibus
532 3416 564 3445 δε
587 3414 792 3445 Assertionibus
807 3412 1040 3451 Praejudicatum,
1057 3413 1102 3444 sed
1122 3414 1224 3445 deinde

172 3459 290 3497 publico
303 3456 437 3486 Ecclesiae
448 3454 564 3493 Judicio
579 3452 763 3483 Declaratum
781 3451 863 3482 fuerit
878 3452 911 3482 &
931 3451 1172 3490 pronunciatum,

213 3495 332 3532 Nosque
344 3497 378 3525 ab
394 3494 495 3524 eodem
514 3491 704 3522 Matrimonio
718 3489 826 3530 prorsus
841 3490 920 3520 liberi
935 3490 968 3521 &
994 3492 1133 3520 immunes
1144 3490 1178 3520 ad
1196 3501 1224 3521 a·

172 3533 209 3565 lia
226 3533 316 3570 Vota,
333 3542 417 3571 prout
431 3530 588 3563 Altiffimus
601 3530 792 3567 inspiraverat,
812 3528 990 3565 transeuntes,
1008 3527 1226 3559 Matrimonium

175 3581 276 3603 verum
291 3580 394 3609 purum
408 3571 440 3600 &
455 3570 613 3610 legitimum
629 3578 677 3606 per
700 3567 794 3597 Verba
809 3566 844 3596 de
853 3566 987 3597 Praesenti
999 3567 1032 3597 ad
1046 3567 1074 3597 id
1088 3575 1150 3605 apta
1158 3576 1226 3598 cum

176 3609 285 3641 Nobili
298 3609 384 3639 etiam
398 3607 518 3638 Muliere
536 3610 655 3638 Domina
671 3609 778 3643 Anna,
796 3612 868 3634 tunc
883 3604 1079 3644 Marthioniffia
1101 3605 1226 3635 Pembro-

177 3647 261 3686 chiae,
279 3656 358 3678 nunc
374 3655 442 3676 vero
456 3649 558 3682 Regina
571 3644 608 3679 &
621 3644 747 3684 Consorte
762 3643 867 3683 nostra,
886 3643 939 3673 rite
962 3643 995 3674 ὃς
1016 3644 1140 3683 legitime
1156 3653 1227 3674 con-

177 3688 359 3722 traxerimus,
376 3694 408 3714 ac
425 3679 536 3714 Carnali
552 3683 665 3722 Copula
677 3682 992 3713 Consummaverimus:

218 3724 263 3754 Ac
277 3725 390 3754 ulterius
410 3721 492 3752 Bono
516 3722 639 3753 Publico
658 3723 691 3755 δε
711 3719 920 3759 Tranquillitati
937 3720 1008 3751 dicti
1028 3718 1123 3759 Regni
1140 3719 1228 3751 nostri

182 3760 294 3797 Angli-:e
307 3769 448 3800 oportune
463 3761 658 3798 providentes,
684 3760 820 3790 nonnulla
839 3758 949 3790 Statura
970 3760 1004 3791 &
1024 3758 1228 3790 Ordinationes

179 3807 232 3836 pro
245 3799 341 3829 salubri
357 3799 510 3834 Regimine
533 3800 565 3830 ὅ(
588 3799 803 3829 Gubematione
822 3797 945 3835 ejusdem
964 3797 1142 3829 Aueroritate
1159 3797 1228 3828 Par-

180 3837 304 3867 liamenti
319 3837 355 3867 ad
369 3837 396 3867 id
410 3836 536 3872 legitime
550 3838 706 3868 convocati
720 3837 765 3867 edi
780 3835 931 3866 fecerimus
946 3835 979 3866 δε
994 3835 1124 3866 stabiliri:

219 3873 287 3903 Nos
303 3884 428 3904 verentes
441 3882 478 3902 ne
489 3873 682 3906 Sanetiffimus
695 3874 843 3905 Dominus
862 3874 956 3904 noster
981 3874 1058 3912 Papa
1074 3872 1229 3913 Modernus,

205 3912 234 3941 ui
248 3910 318 3941 sicut
331 3913 491 3949 accepimus
498 3911 640 3943 Praemiffa
649 3922 727 3949 aegre
742 3913 813 3950 fert,
829 3922 863 3942 ac
879 3913 926 3943 cui
941 3911 1005 3943 alias
1019 3922 1072 3950 pro
1086 3911 1230 3943 diffinien-

182 3921 219 3979 da
236 3948 402 3991 Qlaestione
414 3950 492 3987 super
507 3947 620 3979 Viribus
632 3951 702 3981 dicti
724 3952 810 3989 primi
836 3950 1016 3981 Matrimonii
1036 3950 1146 3981 suborta
1168 3951 1228 3988 plu-

183 3989 239 4020 ries,
251 3988 342 4020 extitit
354 3985 550 4027 suplicamin,
566 3988 600 4018 &
615 3988 663 4027 qui
677 3988 747 4020 Nos
765 3990 797 4020 in
817 3988 901 4034 dieta·
915 3987 1007 4021 Causs
1026 3988 1115 4027 longe
1134 3989 1231 4030 mter,

1238 351 1268 371 ra
1283 339 1458 379 procedens,
1477 342 1511 373 δε
1526 341 1639 380 Injurias
1654 341 1765 380 Injuriis
1776 342 1957 372 accumulare
1973 343 2161 381 contenderis,
2176 341 2210 372 ad
2220 341 2300 372 Cen-

1238 380 1309 410 suras
1327 380 1359 410 &
1376 379 1439 409 alias
1455 378 1552 411 Gladii
1567 380 1722 420 Spiritualis
1739 379 1846 410 Poenas
1861 388 1962 410 contra
1978 380 2049 411 Nos
2064 381 2097 412 &
2116 381 2253 419 Regnum
2268 390 2301 411 ac

1238 417 1374 448 Subditos
1388 417 1500 449 nostros
1511 418 1727 449 Praemifforum
1743 418 1895 449 occasione
1917 418 2070 456 procedere
2083 443 2092 457 ,
2118 430 2151 450 ac
2175 419 2243 450 Nos
2266 420 2301 451 &

1240 456 1374 487 Subditos
1389 456 1462 495 ipsos
1473 456 1556 488 solito
1573 457 1823 488 Sacramentorurn
1839 455 1903 487 Usu
1918 456 1953 487 de
1975 456 2063 486 Faeto
2085 459 2210 495 privare,
2230 467 2300 488 nec-

1241 504 1299 525 non
1315 495 1350 525 ab
1366 493 1526 532 Integritate
1539 494 1675 526 Ecclefiae
1690 495 1784 533 quoad
1802 495 1973 526 mundanam
1989 493 2214 534 Reputationem
2238 495 2301 527 abs-

1241 532 1371 570 cindere,
1388 532 1578 564 dulciffimuni
1599 543 1634 564 ue
1648 533 1729 564 Pacis
1742 535 1775 565 &
1792 533 1909 564 Amoris
1923 541 2098 564 concentum
2120 544 2153 565 ac
2177 534 2303 566 feliciffi-

1248 581 1325 602 mam
1343 571 1494 602 Charitatis
1515 573 1548 603 &
1607 572 1698 602 nitatis
1720 573 1877 602 armoniam
1897 571 2003 602 multos
2019 571 2081 609 jam
2109 572 2209 604 Annos
2228 574 2304 612 apud

1242 609 1313 647 Nos
1325 609 1506 641 constantem
1519 609 1671 640 dissolvere
1684 611 1717 641 &
1732 612 1893 647 perturbare
1906 611 2048 647 moliatur,
2066 611 2096 639 in
2109 608 2256 642 Nostrum
2269 622 2304 643 ac

1243 649 1341 687 Regni
1355 649 1387 680 δε
1401 648 1590 680 Subditorum
1608 648 1773 679 nostrorum
1786 648 1953 686 hujusmodi
1965 647 2156 687 Dispendium
2169 659 2228 680 non
2238 660 2303 681 mo-

1243 687 1342 719 dicum
1359 695 1441 724 atque
1458 686 1639 725 Gravamen,

1280 725 1350 756 Ideo
1370 726 1458 764 Nos,

1281 765 1343 802 Qui
1362 763 1430 795 Deo
1445 766 1478 795 ὃς
1493 763 1606 795 ὃαῃξὶκ
1622 763 1711 794 Matri
1727 763 1859 794 Ecclesiae
1873 775 1907 795 ac
1921 760 2111 796 Sacrosandltae
2135 764 2201 796 Sedi
2224 765 2306 805 Apo-

1245 801 1353 833 stolicae
1369 804 1398 832 in
1411 803 1464 833 hiis
1479 812 1544 841 quae
1559 804 1635 834 licita
1651 803 1740 833 essent
1751 804 1795 834 .&
1817 803 1935 834 honesta
1958 804 2065 843 semper
2091 805 2252 842 paruimus,
2270 815 2305 835 ac

1245 851 1346 871 eorum
1360 840 1428 879 Jura
1444 842 1477 872 &
1498 841 1652 872 Libertates
1675 842 1761 872 etiam
1783 850 1854 871 cum
1879 841 2011 872 Periculo
2030 843 2062 872 &
2086 842 2260 872 Discrimine
2272 853 2306 873 ac

1246 880 1439 919 Expensarum
1454 879 1630 910 Gravamine
1646 880 1838 917 multipliciter
1854 880 2047 918 defendimus,
2066 890 2180 910 necnon
2200 882 2261 918 ipsis
2276 884 2306 912 in

1246 917 1365 988 adversis
1380 927 1413 948 ac
1432 917 1604 949 Christianae
1617 917 1696 948 Fidei
1711 917 1869 955 superandis
1883 917 2027 948 Hostibus
2039 918 2141 961 auxilio
2157 919 2212 951 esse
2233 930 2307 951 con-

1258 966 1387 988 uevrmus

1286 980 1441 1034 Cupien’tes
1450 1004 1510 1025 non
1522 993 1616 1025 solum
1627 993 1822 1031 Nosmetipsos
1836 1003 1869 1024 ac
1885 992 2064 1032 Dignitatem
2081 994 2115 1024 &
2130 994 2309 1027 AEstirnatio-

1251 1044 1317 1066 nem
1332 1033 1474 1071 nostram,
1493 1043 1591 1064 verum
1612 1034 1699 1063 etiam
1720 1041 1809 1063 totam
1832 1032 2057 1070 Rempublicam
2078 1032 2179 1063 Nobis
2200 1043 2216 1063 a
2238 1033 2309 1065 Deo

1250 1072 1434 1104 commistam
1449 1081 1582 1110 tanquam
1597 1081 1688 1102 unum
1704 1070 1818 1108 Corpus
1834 1079 1868 1100 ex
1882 1069 1986 1107 Capite
1999 1071 2032 1101 &
2049 1069 2191 1108 Subjeetis
2208 1071 2310 1104 Mem-

1252 1113 1310 1142 bris
1327 1120 1515 1147 concretum,
1533 1111 1568 1140 ab
1581 1111 1662 1140 omni
1680 1109 1867 1140 Detrimento
1882 1109 1916 1139 ὅτ
1941 1108 2125 1140 Temeritatis
2147 1108 2266 1142 Incursu
2279 1112 2312 1141 il-

1260 2343 1390 2381 ciantve,
1407 2350 1453 2372 aut
1469 2342 1552 2372 faciat
1568 2349 1668 2371 eorum
1683 2339 1782 2377 aliquis
1794 2340 1922 2370 attentari
1936 2339 1981 2370 seu
1996 2341 2125 2371 innovari
2139 2350 2186 2372 aut
2207 2342 2244 2373 de
2265 2353 2320 2372 no-

1261 2390 1301 2410 vo
1318 2380 1378 2410 fieri
1390 2379 1665 2418 quomodocunque,
1682 2386 1740 2408 tam
1754 2388 1806 2415 pro
1819 2378 1917 2409 Nobis
1929 2379 1963 2409 &
1978 2378 2086 2417 Regno
2099 2389 2132 2410 ac
2148 2380 2236 2411 Locis
2243 2380 2320 2412 Sub-

1259 2418 1378 2456 ditisque
1395 2418 1496 2448 nostris
1517 2416 1674 2454 praediffis,
1691 2425 1778 2454 quam
1792 2417 1878 2447 etiam
1893 2426 1947 2454 pro
1963 2418 2098 2448 omnibus
2111 2418 2144 2449 &
2162 2419 2274 2458 singulis
2287 2430 2319 2450 a-

1261 2456 1304 2486 liis
1320 2456 1449 2487 Personis
1464 2455 1563 2485 Nobis
1575 2456 1603 2484 in
1617 2455 1671 2484 hac
1687 2463 1764 2492 parte
1779 2454 1988 2486 adhaerentibus
2000 2457 2033 2488 δε
2058 2455 2199 2489 adhaerere
2218 2458 2320 2489 volen-

1260 2495 1354 2534 tibus,
1370 2494 1404 2524 ad
1417 2494 1562 2525 SathJM
1581 2492 1780 2523 GENERALE
1801 2493 2008 2525 ConcmmM
2028 2494 2168 2526 Proximo
2193 2496 2249 2533 jam
2272 2497 2319 2528 fu-

1260 2542 1355 2564 turum
1369 2533 1497 2569 legitime
1513 2532 1545 2562 ὃ(
1561 2532 1589 2561 in
1609 2530 1695 2561 Loco
1708 2533 1896 2570 congruenti,
1923 2533 1960 2563 de
1984 2534 2120 2564 consensu
2142 2533 2321 2566 Christiano-

1261 2580 1327 2601 rum
1340 2570 1507 2608 Principum
1522 2570 1555 2600 &
1577 2569 1698 2599 aliorum
1722 2579 1849 2607 quorum
1869 2571 1994 2603 intererit
2021 2571 2258 2609 Convocandum
2282 2571 2323 2612 ἐξ

1260 2608 1491 2647 Celebrandum,
1506 2607 1583 2647 quod
1598 2608 1668 2638 infra
1684 2609 1772 2639 breve
1788 2617 1818 2638 ut
1831 2610 1955 2639 creditur
1969 2609 2099 2643 futurum
2115 2616 2184 2654 erit,
2201 2627 2260 2648 non
2275 2628 2319 2650 ta-

1259 2658 1328 2678 men
1343 2649 1374 2679 in
1389 2647 1604 2684 Contemptum
1620 2647 1799 2677 sacrosand&
1814 2647 1894 2678 Sedis
1908 2648 2105 2690 Apostolicae,
2119 2653 2164 2684 sed
2179 2665 2234 2693 pro
2250 2656 2323 2689 Tu-

1258 2687 1361 2717 tamine
1377 2695 1407 2717 ut
1420 2686 1564 2726 praefertur
1574 2684 1893 2725 VeritatisEvangeiicae
1906 2687 2019 2726 aliisque
2028 2689 2125 2721 Cauiis
2138 2692 2258 2731 superius
2271 2706 2321 2726 ex.

1257 2725 1349 2764 preffis
1359 2747 1368 2763 ,
1384 2726 1483 2755 harum
1497 2724 1564 2754 serie
1577 2726 1757 2754 Provocamus
1774 2725 1807 2756 ὃ(
1826 2727 2003 2756 Provocando
2023 2729 2199 2767 Appellamus
2217 2734 2245 2762 in
2264 2733 2318 2766 hiis

1259 2763 1390 2801 Scriptis,
1410 2762 1623 2802 Apostolosque.
1631 2764 1752 2801 petimus
1768 2764 1863 2800 primo
1876 2765 2004 2796 secundo
2021 2768 2055 2798 &
2076 2769 2160 2798 tertio
2182 2770 2318 2803 instanter

1258 2802 1404 2833 instantius
1417 2803 1450 2833 δε
1467 2800 1662 2832 instantissime
1680 2800 1780 2831 Nobis
1795 2801 1868 2833 Vice
1882 2804 1915 2834 &
1929 2803 2065 2835 Nomine
2080 2805 2180 2843 Regni
2194 2808 2227 2839 &
2241 2809 2319 2841 Sub-

1257 2840 1385 2871 ditorum
1406 2839 1569 2883 nostrorum
1592 2839 1796 2883 praedi&orum
1819 2848 2045 2880 caeterorumque
2068 2852 2319 2887 quorumcumque

1255 2879 1355 2910 Nobis
1365 2887 1397 2910 ut
1412 2880 1589 2917 praemittitur
1598 2888 1628 2909 in
1643 2878 1695 2908 hac
1704 2887 1780 2915 parte
1789 2878 2004 2910 Adhaerentium
2013 2881 2046 2912 &
2058 2881 2197 2915 adhaerere
2213 2886 2315 2917 volen-

1256 2919 1328 2949 tium
1338 2941 1347 2956 ‚
1366 2927 1502 2956 quatenus
1516 2917 1564 2948 hic
1579 2918 1611 2948 &
1624 2918 1654 2948 in
1672 2916 1727 2947 isto
1740 2917 1816 2947 Casu
1830 2917 1914 2947 dandi
1928 2918 2032 2949 fuerint
2048 2929 2115 2951 cum
2131 2922 2238 2954 effectu
2257 2925 2318 2956 dari

1257 2957 1290 2988 &
1307 2957 1435 2995 liberari,
1452 2956 1631 2994 subjicientes
1653 2955 1723 2986 Nos
1742 2957 1775 2987 &
1797 2954 1933 2998 Regnum
1955 2967 1989 2987 ac
2014 2957 2151 2991 Subditos
2165 2984 2175 2998 ,
2198 2971 2318 2995 necnon

1256 2995 1442 3026 Adhaerentes
1457 2995 1490 3025 &
1504 2994 1643 3026 adhaerere
1658 2994 1783 3025 volentes
1799 2993 1958 3029 huiusmodi
1981 2994 2113 3028 Tuitioni
2135 2998 2317 3035 protectioni

1256 3035 1290 3066 &
1306 3033 1474 3065 Defensioni
1495 3042 1602 3064 Dic-trs
1626 3040 1731 3063 sacRo
1758 3039 1880 3062 SANcTI
1907 3041 2043 3065 FUTURI
2067 3035 2230 3069 CoNcan
2243 3062 2254 3077 ,
2280 3051 2316 3072 ac

1251 3072 1361 3111 Judicis
1381 3073 1413 3103 &
1439 3071 1578 3110 Judicum
1594 3070 1629 3101 ad
1644 3080 1729 3108 quern
1744 3070 1800 3100 five
1816 3079 1890 3109 quos
1906 3071 1989 3109 hujus
2006 3073 2111 3105 nostrae
2136 3078 2316 3109 Provocatio-

1256 3115 1299 3141 m‘s
1317 3112 1373 3141 five
1389 3109 1591 3178 Appiellationis
1609 3107 1701 3139 Causa
1713 3108 1812 3139 melius
1831 3107 1989 3142 devolvitur
2012 3112 2059 3143 seu
2077 3112 2194 3147 devolvi
2214 3116 2318 3151 debent

1276 3159 1313 3180 uo
1335 3160 1372 3179 uo
1393 3159 1443 3179 mo
1463 3159 1502 3186 o,

1255 3159 1274 3189 q
1294 3160 1332 3218 Ectl
1346 3186 1535 3218 Protestamur
1548 3184 1583 3215 de
1595 3184 1760 3216 Intimando
1775 3184 1941 3223 praesentem
1956 3187 2083 3220 nostram
2097 3192 2321 3225 Provocationem

1258 3225 1314 3256 sive
1329 3225 1547 3264 Appellationem
1560 3224 1676 3262 praefato
1690 3223 1871 3254 sanctissimo
1886 3225 2024 3257 Domino
2037 3227 2139 3260 nostro
2154 3232 2237 3270 Papae
2251 3234 2318 3263 Moss

1258 3265 1340 3294 derne
1353 3264 1463 3302 aliilque
1473 3262 1621 3301 Judicibus
1631 3263 1664 3294 &
1672 3261 1798 3293 Personis
1808 3264 1909 3301 quibus
1920 3264 1957 3294 de
1971 3265 2031 3301 jure
2047 3267 2131 3299 fuerit
2147 3269 2314 3309 intimanda,

1259 3312 1312 3340 pro
1328 3303 1412 3333 Loco
1426 3304 1458 3334 ὃ(
1472 3301 1619 3339 Tempore
1636 3302 1769 3340 congruis
1790 3302 1824 3332 &
1844 3304 1988 3340 oportunis
2010 3305 2090 3342 juxta
2105 3306 2178 3344 Juris
2202 3310 2243 3338 exi
2263 3318 2315 3339 en-

1260 3342 1330 3372 tiam
1348 3342 1381 3372 &
1399 3340 1516 3377 Legum
1530 3339 1770 3378 Ordinationern,
1784 3349 1819 3370 ac
1833 3341 1917 3371 etiam
1934 3341 1970 3372 de
1984 3341 2184 3376 Reformando
2196 3347 2229 3377 ὃς
2287 3356 2317 3376 r-

1262 3381 1282 3409 ri
1303 3380 1378 3409 endo
1392 3378 1510 3409 eandem
1522 3378 1600 3421 juitta
1623 3377 1785 3408 Consilium
1807 3377 2036 3417 Jurisperitorum
2055 3392 2139 3420 prout
2162 3384 2261 3414 Nobis
2277 3384 2315 3416 de

1293 3418 1390 3448 onfilio
1405 3415 1568 3455 hujusmodi
1585 3416 1684 3446 melius
1699 3416 1840 3448 videbitur
1855 3418 2003 3458 expedire,
2025 3421 2159 3457 sperantes
2180 3430 2265 3458 prout
2283 3424 2315 3454 in

1263 3455 1396 3486 Domino
1411 3453 1584 3486 confidimus
1597 3464 1656 3485 non
1670 3455 1751 3495 poste
1765 3455 1867 3486 Nobis
1881 3466 1896 3487 a
1910 3467 2051 3496 quoquam
2075 3458 2247 3489 Mortalium
2262 3470 2317 3498 pro

1263 3503 1367 3525 temere
1378 3501 1425 3524 aut
1441 3493 1514 3524 male
1527 3493 1605 3523 facto
1619 3494 1765 3532 imputari,
1785 3494 1864 3532 quod
1880 3495 1999 3527 Animae
2010 3495 2113 3527 nostrae
2139 3496 2264 3527 Salutem
2280 3500 2315 3530 &

1264 3534 1386 3570 propriae
1399 3531 1590 3563 Conscientiae
1605 3531 1843 3563 Exonerationem
1870 3534 2010 3572 quibusvis
2033 3534 2178 3564 mundanis
2197 3534 2317 3567 Favori-

1264 3573 1317 3602 bus
1331 3572 1364 3603 δε
1379 3569 1563 3609 Respeetibus
1575 3571 1760 3609 piaeferentes‚
1775 3571 1808 3602 &
1822 3571 1956 3603 humanas
1965 3571 2106 3611 Juffiones
2115 3572 2231 3603 Divinis
2238 3575 2318 3613 post-

1265 3610 1400 3640 habentes
1413 3610 1443 3638 in
1458 3609 1512 3640 hac
1524 3608 1615 3639 Causa
1626 3618 1712 3648 prout
1727 3611 1872 3650 oportuit,
1887 3612 1974 3650 magis
1987 3609 2056 3641 Deo
2069 3619 2155 3648 quam
2178 3610 2318 3644 Homini-

1265 3648 1318 3679 bus
1330 3647 1460 3678 duximus
1474 3647 1688 3678 obediendum.

1304 3686 1376 3716 Aeta
1389 3686 1503 3716 fuerunt
1518 3686 1581 3717 haec
1595 3687 1696 3717 omnia
1712 3687 1747 3719 &
1758 3687 1862 3725 singula
1876 3693 1959 3727 prout
1973 3685 2209 3724 suprascribuntur
2221 3690 2256 3722 δε
2273 3701 2318 3724 re-

1266 3725 1388 3795 {citaffur
1401 3723 1556 3794 subaelgrgio
1570 3723 1714 3764 Domini,
1730 3724 1912 3764 Ιηάἰᾶίοιιε,
1930 3723 2118 3765 Pontificatu,
2134 3725 2247 3768 Mense,
2259 3729 2322 3762 Die

1344 3771 1402 3793 oco
1414 3772 1447 3800 pr
1494 3773 1501 3792 i
1531 3774 1561 3794 is.

1302 3837 1490 3871 Praesentibus
1505 3847 1575 3871 tunc
1589 3841 1625 3872 &
1641 3839 1746 3884 ibidem
1756 3838 1887 3871 Notariis
1898 3839 2023 3884 Publicis
2044 3839 2225 3884 Subscriptis,
2244 3855 2281 3878 ae

1540 3879 1750 3915 Venerabililzus
1764 3878 1799 3909 δι
1811 3877 1940 3917 Egregus
1959 3876 2052 3917 Viris,

1309 3951 1451 3993 Magistro
1464 3952 1598 3988 Richardo
1610 3953 1724 3996 Smfiae
1731 3953 1873 3993 uti-iusqffi
1887 3951 1967 3993 Jurin
1991 3953 2146 3998 Dostore,
2170 3959 2323 3994 Amlaidin-

1269 4001 1349 4027 ωηο
1366 3992 1547 4032 δυὲῖοὶςὴὶπ,
2261 4034 2330 4070 Do.
