2542 4274
782 142 895 185 ET
977 144 1247 187 ACTA

1341 145 1814 190 PUBLICA,

85 230 153 263 Arm
172 228 212 261 D.
233 231 270 263 sie
284 257 293 271 ‚
310 238 340 263 ut
357 230 523 270 praefertur,
542 229 573 259 in
591 227 709 272 Scriptis
725 228 871 259 redaCtum
893 230 926 261 &
945 230 1119 270 praestitum,
1140 241 1174 263 ac
1198 231 1290 262 Manu
1327 230 1426 261 Nobis
1442 231 1617 270 Obligandi,

103 268 186 307 1518.
232 271 279 301 sui.
304 281 335 308 pr
390 269 416 298 ia
439 277 508 298 tunc
537 267 570 298 &
597 267 704 310 ibidem
728 266 881 308 signatum,
905 268 1021 299 Oratori
1045 271 1089 300 vel
1115 270 1284 301 Oratoribus
1363 271 1408 300 Ac
1425 270 1534 308 insuper
1549 281 1617 301 cuin
1634 271 1713 302 dic‘to
1726 276 1794 310 Rege
1810 277 1987 315 Francorum,
2003 280 2092 310 eiusve
2108 280 2277 312 Oratoribus
2310 280 2382 312 Pro-

82 313 147 336 Heu.
167 308 193 336 8.
232 309 339 348 praefati
383 311 434 344 egis
452 305 565 343 Angliae
584 305 694 336 ibidem
713 307 839 343 praeienti
857 306 902 337 vel
912 308 1092 345 praesentibus
1109 310 1214 340 realiter
1233 318 1287 340 tra-
1324 309 1513 347 curatoribus,
1532 309 1802 349 Ambaffiatoribus,
1827 313 1880 342 sive
1904 309 2025 346 Nunciis
2047 319 2213 349 sufficienter
2235 320 2268 350 &
2282 303 2382 358 2legiti—

231 348 294 378 det:
379 384 384 389 ι
400 384 405 388 .
1324 349 1373 377 me
1394 347 1548 386 deputatis,
1567 348 1600 378 ad
1623 348 1741 386 Cauiis,
1768 350 1965 390 Qut-stiones,
1983 354 2200 388 ,Controversias
2238 356 2383 388 Differen-

268 383 306 414 Et
324 383 451 414 similiter
467 386 527 413 Rex
545 382 676 420 Angliae,
695 392 796 412 coram
810 381 933 426 Oratore
952 384 996 414 vel
1010 384 1196 424 Oratoribus,
1214 385 1287 416 Pro·
1326 388 1392 423 tias,
1411 388 1443 417 &
1457 387 1628 417 Occaliones
1647 387 1839 425 quascunque,
1861 400 1923 426 qua:
1939 392 2008 421 inter
2032 394 2089 422 Nos
2111 397 2143 425 ὃς
2163 380 2273 426 dicium
2295 395 2382 426 Chri,

229 430 358 454 curatore
375 422 419 452 vel
438 421 689 458 procuratoribus,
703 420 908 452 Commiffario
927 424 971 453 vel
987 422 1196 455 Commissariis
1214 435 1287 462 prae·
1324 423 1519 455 stianiffimum
1539 425 1664 455 Fratrem
1688 425 1817 456 nostrum
1838 429 1997 457 Framorum
2020 433 2114 460 Revem
2135 441 2265 464 mutuum
2287 434 2381 466 Amo-

228 461 277 492 sati
292 463 455 490 Francorum
479 464 573 498 Regis,
591 460 806 503 quamprimum
820 460 854 490 ad
874 461 930 490 hoc
945 460 1072 499 legitime
1092 462 1174 493 fuerit
1194 463 1286 501 requi·
1323 473 1385 493 rem
1400 464 1433 494 ὃς
1450 462 1674 494 Benivolentiam
1688 464 1845 495 diminuere
1861 466 1906 495 vel
1922 458 2112 506 suspitionem
2134 480 2179 500 aut
2200 472 2380 503 simultatem

228 500 307 536 litus,
324 499 426 538 absque
450 501 531 529 omni
558 499 813 542 dilatione,·tactis
827 498 1015 530 sacrosanctis
1039 500 1219 540 Evangeliis,
1234 501 1288 539 Ju-
1322 501 1444 539 aliquam
1463 511 1593 539 generare
1611 503 1713 540 quovis
1730 502 1818 534 Paeto
1840 503 1969 543 possent,
1988 505 2122 536 tollendas
2140 508 2173 538 ὅτ
2192 512 2364 541 amovendas

227 545 386 568 ramentum
407 539 435 567 in
459 538 521 568 Scri
542 539 575 567 tis
594 536 736 574 praestabit
753 536 834 576 quod
853 537 1018 575 praesentem
1046 538 1237 579 Tradtamm,
1253 549 1286 570 ac
1323 538 1499 579 Traoandt,
1518 541 1783 579 Communicandi,
1802 541 2020 580 Conveniendi‚
2040 544 2072 574 &
2088 544 2286 578 Concludendi
2370 534 2381 550 ³

226 577 327 620 omnia
344 576 378 606 &
397 576 499 616 singula
557 575 644 616 pirula
662 576 692 620 in
710 575 817 620 eodem.
832 586 986 614 contenta,
1004 577 1081 607 bona
1105 578 1174 609 Fide
1191 578 1289 608 obser-
1363 577 1494 608 Necnon
1507 579 1543 609 de
1559 580 1591 610 ὃ(
1610 579 1688 617 super
1704 579 1896 610 Restitutione
1917 582 1951 612 &
1969 580 2159 612 Satisiacstione
2181 572 2381 623 quarum’cum-

227 615 324 657 vabit,
342 615 374 645 &
391 616 428 645 ab
446 615 506 646 aliis
524 622 661 653 quantum
678 624 707 643 in
726 624 761 644 eo
778 622 831 645 erit
850 615 958 646 realiter
977 616 1010 646 ὅ(
1029 625 1098 645 cum
1111 616 1216 647 effectu
1233 617 1288 647 ob·
1323 626 1377 654 que
1395 617 1651 654 Depraedationum
1675 617 1851 655 Rapinarum
1872 628 1919 649 aut
1942 619 2043 657 injuste
2067 621 2234 652 Ablatorum
2253 626 2283 653 ὃ(
2308 627 2382 656 Sub-

223 653 325 688 servari
351 653 451 692 faciet3
474 653 550 684 idem
572 663 607 683 ue
629 652 708 682 suum
751 661 946 692 uramentum,
969 654 1006 683 sic
1033 663 1061 684 ut
1087 655 1232 691 praefertur
1258 656 1288 685 in
1323 655 1388 684 diris
1420 655 1519 685 nostris
1542 656 1587 685 vel
1608 656 1678 686 dieti
1707 659 1785 693 Regis
1813 660 1976 687 Francorum
1991 681 2001 696 ,
2025 657 2094 689 hinc
2116 659 2198 696 inde,
2222 662 2382 702 ubicunque

225 691 344 729 Scriptis
362 692 536 730 praestitum,
552 663 589 723 {c
612 690 704 721 Manu
735 691 768 722 ua
786 692 900 731 propria
917 701 985 722 tunc
1003 691 1036 722 &
1054 692 1163 723 ibidem
1183 693 1287 731 subsig-
1322 703 1372 731 per
1396 693 1519 724 Terram
1543 693 1627 724 Mare
1650 695 1694 724 vel
1714 695 1806 733 Aquas
1823 696 1936 735 dulces,
1960 696 2077 726 antehac
2102 695 2242 727 factorum
2262 702 2306 730 vel
2327 703 2381 731 im-

224 739 340 770 natum,
358 731 442 761 diesis
457 730 626 761 Oratoribus
644 729 751 767 praefati
766 732 843 767 Regis
860 733 1024 760 Francorum
1042 731 1150 762 ibidem
1167 732 1287 770 praesen-
1321 730 1465 770 posterum
1482 731 1661 771 fiendorum,
1677 743 1710 763 ac
1730 734 1766 763 de
1782 734 1872 765 modo
1886 736 1919 766 ὃ(
1935 734 2030 765 forma
2046 735 2170 773 ejusdem
2186 735 2382 770 Restitutionis

225 770 297 799 tibus
315 769 421 800 realiter
439 768 534 800 tradet.
1323 771 1358 801 ὅτ
1371 770 1570 801 Satisfad’cionis
1585 771 1727 809 utriusque
1741 772 1889 811 Subditis,
1908 774 1968 804 tam
1991 783 2044 812 pro
2066 775 2208 811 praeterito
2229 776 2313 812 quarn
2332 788 2383 815 pro

258 806 332 839 [TE
344 816 388 846 M,
408 806 614 844 Conventum‚
636 804 872 845 Concordatum,
888 808 922 838 &
944 804 1122 838 Conclusurn
1140 808 1182 839 est
1206 808 1285 847 quod
1323 808 1419 838 futuro
1434 808 1603 848 Tempore,
1621 809 1832 850 faciendarum,
1850 812 1883 842 δε
1900 812 1935 842 de
1957 812 2150 850 Deputatione
2169 812 2336 851 *Judicum
2350 816 2383 846 ad

223 854 284 877 uter
305 856 340 877 ue
357 846 478 883 Regum
498 845 700 883 praediecorum
711 869 721 884 ,
740 855 789 883 per
807 844 987 888 Literassuas
1005 846 1148 885 Parentes,
1170 847 1284 884 Magno
1324 845 1588 885 Cognoscendurn,
1606 847 1825 880 Procedendum
1838 872 1847 887 ,
1874 850 2101 889 Diffiniendum,
2121 852 2155 883 &
2175 850 2384 890 Exequendurn

223 885 272 915 suo
286 885 387 920 sigillo
405 884 532 920 sigillatas
550 884 584 915 &
600 882 736 914 Manibus
756 884 808 914 suis
829 884 1012 922 subscriptas,
1031 885 1195 922 praesentem
1209 886 1285 916 Tra-
1321 884 1358 915 de
1380 885 1412 916 &
1434 885 1513 922 super
1535 887 1636 917 eisdem
1654 910 1664 925 ,
1683 897 1752 917 cum
1768 887 1847 918 dic'to
1868 891 1938 925 Rege
1954 893 2116 919 Francorum
2138 889 2231 928 ejusve
2255 891 2387 922 Oratori-

224 923 332 953 ‹ftatum
346 933 380 952 ac
397 924 497 953 omnia
513 923 546 953 &
563 921 669 960 singula
683 923 710 953 in
727 922 831 953 eodem
857 930 990 953 contenta
1014 922 1185 961 Acceptabit
1206 923 1286 955 Rati·
1319 925 1385 962 ⁴buS,
1401 923 1646 962 procuratoribus,
1664 925 1697 956 &
1715 924 1939 963 Commiffariis,
1958 928 2083 958 fimiliter
2099 928 2269 967 Tractandi,
2288 929 2384 960 Com-

221 960 319 991 ficabit
338 961 371 992 &
388 962 457 992 infra
474 961 609 1000 Quatuor
624 960 737 991 Menses
754 961 859 991 Datam
884 960 1066 991 Praesentium
1087 964 1223 999 proximo
1245 964 1285 993 se·
1321 963 1509 1001 municandi,
1535 964 1568 994 &
1597 963 1800 994 Concludendi
1817 987 1826 1002 ,
1850 965 1882 995 &
1908 965 1973 995 Nos
1992 965 2128 997 Haeredes
2151 967 2183 998 &
2207 968 2386 999 Succeflores

221 1007 340 1037 quentes
354 999 567 1038 Confirmabit3
584 999 761 1037 Easdemque
783 999 906 1038 Literas,
924 1000 962 1030 sic
979 1009 1008 1030 ut
1028 1001 1172 1039 praefertur
1194 1001 1285 1038 signa·
1322 1000 1433 1031 nostros
1453 1010 1507 1041 pro
1530 1001 1691 1040 hujusmodi
1709 1001 1901 1034 Restitutione
1913 1004 2040 1035 facienda
2055 1004 2211 1044 Obligandi
2225 1006 2258 1038 &
2276 1006 2386 1038 Astrin-

221 1045 278 1075 tas,
296 1039 366 1068 intra
379 1039 474 1070 distos
523 1047 620 1069 uatuor
636 1037 772 1076 Menses,
789 1037 912 1070 vicissim
928 1039 961 1069 &
983 1041 1101 1078 mutuo,
1119 1040 1208 1070 tradet
1229 1048 1285 1071 tra-
1325 1040 1430 1079 gendi,

221 1076 290 1107 dive
304 1077 389 1109 faciet
408 1087 476 1109 curn
491 1087 508 1109 e
550 1077 608 1108 (stu.
1360 1078 1405 1109 Ac
1429 1078 1505 1117 super
1518 1079 1683 1118 hujusmodi
1699 1079 1862 1111 Conventis
1874 1079 2084 1119 Concordatis,
2103 1082 2136 1113 &
2153 1081 2303 1113 Conclusis
2317 1094 2386 1115 curn

1322 1115 1403 1147 dieto
1428 1117 1669 1149 Christianisfimo
1690 1121 1856 1148 Francorum
1878 1122 1946 1157 Rege
1969 1118 2191 1158 Consang‘lineo
2212 1121 2308 1152 nostro
2327 1122 2387 1153 Ca-

491 1157 646 1194 Sequuntur
661 1157 776 1185 Tenem
789 1153 1008 1195 Commifflonum.
1319 1155 1448 1195 ‘riffin10,
1467 1157 1523 1187 sive
1537 1158 1594 1194 ejus
1610 1156 1794 1196 Oratoribus,
1816 1157 2025 1188 Cor-nntiffariis
2039 1167 2086 1189 aut
2112 1159 2260 1198 Deputaris
2286 1161 2389 1192 Literas

1322 1193 1424 1225 validas
1439 1197 1472 1227 ὃς
1489 1195 1619 1226 efficaces
1635 1205 1688 1233 pro
1705 1195 1786 1226 Parte
1807 1196 1900 1227 nostra
1915 1197 2076 1233 Tradendi,
2093 1198 2213 1236 aliasque
2235 1201 2388 1231 coniimilis

258 1232 430 1270 Franastus,
448 1230 509 1261 Dei
521 1230 628 1270 gratis,
647 1230 708 1267 &a
727 1231 854 1272 utsupra
871 1232 904 1262 de
919 1234 992 1261 Dat.
1008 1239 1044 1269 31
1065 1231 1107 1261 die
1121 1231 1208 1270 Julii.
1269 1260 1281 1269 „
1319 1232 1441 1264 effe<stsis
1454 1234 1486 1264 ὃς
1500 1235 1612 1272 ,vigoris
1626 1234 1663 1263 ab
1679 1235 1737 1272 ipso
1756 1235 1801 1264 vel
1817 1236 1854 1265 eis
1869 1234 1988 1266 Petendi
2005 1236 2037 1266 ὃ(
2052 1236 2237 1276 Recipiendi‚

488 1309 494 1315 .
579 1309 584 1315 1
1027 1311 1031 1315 ⁴
1318 1274 1322 1277 ’
1361 1270 1536 1311 Plenamque
1556 1273 1688 1312 praeterea
1708 1273 1880 1305 Potestatem
1901 1274 2096 1314 Juramentum
2118 1277 2146 1305 in
2177 1277 2310 1307 Animam
2332 1283 2389 1308 no-'

255 1311 407 1347 Henricns,
435 1307 495 1339 Dei
537 1308 603 1340 ratri
615 1331 625 1347 ,
645 1311 706 1338 Rex
729 1309 843 1348 Angliae
864 1306 902 1343 (θ’
932 1310 1059 1351 Franctae-
1076 1306 1124 1351 .&
1151 1311 1284 1339 Dominus
1322 1309 1406 1341 stram
1423 1310 1577 1343 Praestandi
1593 1311 1672 1350 quod
1687 1313 1848 1344 tenebimus
1862 1314 1896 1344 ὅτ
1912 1313 2131 1350 adimplebimus
2145 1316 2252 1345 realiter
2267 1316 2300 1346 &
2317 1326 2388 1346 curn

221 1346 382 1386 Hiberniae,
403 1348 474 1377 univ
518 1358 541 1377 is
564 1348 598 1378 δε
624 1347 754 1387 singulis,
771 1349 807 1379 ad
831 1356 957 1388 quorum
981 1346 1110 1377 Noutras
1136 1347 1284 1385 praesentes
1323 1348 1429 1380 effe6tu
1445 1351 1548 1380 omnia
1572 1351 1604 1381 δε
1632 1350 1736 1389 lingula
1752 1352 1861 1389 quaein
1888 1352 2028 1390 praedietis
2049 1353 2082 1384 δε
2104 1355 2182 1383 circa
2204 1364 2234 1383 ea
2251 1354 2388 1386 Nomine

225 1386 330 1417 Lireroe
347 1387 543 1424 pervenerint,
559 1385 695 1416 Salutem.
1321 1387 1419 1418 nostro
1436 1389 1677 1426 concordabunt,
1701 1391 1891 1428 convenient,
1906 1390 2057 1428 jurabunt,
2076 1391 2247 1429 firmabunt,
2265 1394 2298 1424 ὅ(
2316 1403 2389 1423 con-

256 1425 292 1456 N
302 1433 427 1456 οΤυΜ
448 1433 635 1455 FAc1Mth
650 1423 729 1462 quod
747 1423 835 1462 Nos,
922 1462 928 1467 ὓ
1323 1427 1455 1465 cludent,
1474 1437 1507 1458 ac
1530 1427 1610 1467 quod
1636 1427 1680 1457 illa
1702 1427 1899 1458 ratificabimus
1916 1452 1924 1465 ,
1951 1429 1983 1459 &
2009 1429 2088 1459 nullo
2107 1440 2232 1468 unquam
2258 1439 2390 1468 tempore

260 1462 310 1494 De
333 1463 493 1507 Fidelitate,
509 1461 668 1507 industria,
686 1464 720 1494 &
734 1461 868 1506 ‘provida
891 1460 1175 1502 circumspeccione,
1203 1462 1285 1494 Dile-
1323 1467 1545 1504 revocabimus,
1564 1476 1619 1497 nec
1639 1475 1737 1497 contra
1749 1477 1780 1497 ea
1796 1467 1842 1497 vel
1857 1477 1957 1497 eorum
1975 1467 2089 1506 aliquod
2106 1468 2242 1499 faciemus
2256 1470 2301 1499 vel
2315 1479 2389 1508 quo-

217 1500 336 1532 ‹c'torum
363 1501 397 1532 &
425 1500 564 1531 Fidehum
589 1500 827 1532 Consiliariorum
858 1501 1021 1544 nostrorum
1038 1523 1046 1539 ,
1071 1501 1178 1531 Thomae
1201 1505 1287 1532 Ducis
1320 1505 1365 1535 *vis
1379 1505 1465 1542 padio
1481 1507 1643 1544 veniemus,

220 1538 377 1578 Norffirlciae
401 1539 505 1575 Magni
525 1538 701 1582 Thesaurarii
723 1540 756 1569 &
781 1538 941 1583 Marescalli
964 1539 1093 1583 Angliae,
1122 1541 1286 1571 Reverendi
1360 1542 1516 1581 Simileque
1527 1544 1726 1581 Juramentum
1742 1553 1758 1573 a
1772 1543 1853 1573 dicio
1874 1543 2112 1575 Christianissirno
2133 1549 2297 1576 Francorum
2318 1549 2388 1585 Rege

219 1577 308 1608 Patris
321 1576 430 1608 Thomae
443 1576 630 1616 Dunolmenfis
644 1576 764 1616 Epifiopi
779 1576 918 1621 CUst9d.¹⁵
943 1576 1049 1607 Privati
1069 1578 1163 1615 sigilli
1179 1579 1285 1616 nostri,
1320 1582 1416 1621 ⁴ejusve
1449 1582 1707 1613 Ambaffiatoribus
1728 1582 1762 1612 ad
1789 1583 1846 1612 hoc
1870 1582 2044 1613 Potestatem
2075 1584 2242 1622 habentibus
2266 1585 2387 1623 praestari

220 1626 336 1647 necnon
355 1615 447 1646 Caroli
468 1619 577 1646 Comitis
602 1618 752 1652 Wigorniae
774 1615 899 1646 Domini
921 1615 957 1645 de
970 1615 1095 1647 Herbert
1117 1618 1151 1648 ὃς
1166 1617 1202 1647 de
1218 1617 1286 1647 Go-
1322 1620 1463 1657 Videndi,
1486 1619 1619 1658 Petendi,
1637 1622 1670 1651 ὃ(
1688 1619 1845 1659 Exigendi,

88 1659 199 1687 ¹*XIIL
217 1665 279 1687 wer
291 1654 446 1686 Camerarii
462 1655 568 1693 nostri,
582 1655 617 1686 &
639 1654 799 1685 Reverendi
817 1655 836 1674 4
855 1654 945 1685 Patris
969 1654 1077 1684 Nicolas‘
1100 1655 1222 1694 Epifiopi
1244 1658 1286 1685 E·
1359 1660 1403 1693 Ac
1418 1659 1580 1697 generaliter
1596 1660 1697 1688 omnia
1717 1661 1749 1690 ὅς
1766 1658 1875 1696 singula
1889 1659 2024 1691 Nomine
2040 1660 2139 1691 nostr-0
2156 1661 2287 1693 Faciendi
2298 1687 2307 1701 ³
2328 1662 2385 1693 Ex-

96 1697 162 1732 648.
218 1693 323 1733 Irenfis,
344 1694 500 1733 plurimum
515 1692 709 1732 confidentes,
1321 1699 1454 1734 ercendi,
1481 1698 1513 1727 ἃ
1534 1696 1730 1735 Expediendi,
1749 1707 1818 1726 cum
1842 1697 1894 1727 suis
1918 1699 2123 1737 incidentibus,
2149 1702 2361 1738 emergentibus
2376 1725 2389 1740 ,

255 1732 333 1771 Ipsos
348 1734 381 1763 ὃς
394 1742 494 1763 eorum
508 1732 663 1770 quemlibet
678 1730 860 1770 conjunffim
883 1732 916 1762 &
938 1730 1051 1762 divifim
1071 1731 1183 1762 nostros
1203 1743 1286 1770 veros

216 1772 362 1805 lechin-os
381 1772 415 1801 &
441 1771 612 1801 indubitatos
635 1770 785 1808 Oratores,
803 1769 1021 1808 Procuratores,
1045 1770 1284 1811 Ambaffiatores‚

214 1811 252 1843 &
267 1811 408 1842 Nuncios
422 1809 534 1840 nostros
550 1809 689 1849 generales
709 1810 742 1840 &
758 1809 890 1848 speciales
904 1809 941 1840 ad
956 1808 1132 1847 lnfrascripta
1157 1809 1285 1841 Ordina-

217 1851 327 1887 vimus,
350 1849 500 1886 Fecimus,
524 1849 557 1879 &
578 1847 806 1885 constituimus,
831 1857 865 1878 ac
890 1858 942 1886 per
962 1847 1131 1888 Praescntes,
1154 1849 1286 1880 vOrdina-

219 1898 299 1925 mus,
316 1888 465 1925 Facimus,
481 1889 514 1919 &
531 1887 765 1925 Constituimus,

259 1927 367 1957 Dantes
384 1928 421 1958 ὃς
445 1926 646 1957 Concedentes
670 1925 803 1963 Eiidem,
820 1926 854 1957 &
879 1935 980 1957 eorum
1005 1925 1142 1964 cuilibet,
1161 1926 1284 1965 conjun-

220 1966 310 2003 ctim,
327 1974 360 1996 ut
373 1964 536 2004 prefertur,
553 1965 586 1995 ὃς
602 1964 714 1994 divisim
732 1963 905 1996 Potestatem
926 1965 1083 2004 generalem
1106 1965 1139 1996 ὅ(
1159 1964 1286 1997 Manda-

215 2012 284 2034 των.
302 2004 435 2042 speciale,
453 2006 490 2034 ita
503 2003 583 2042 quod
601 2003 775 2034 Generalitas
797 2002 971 2040 Specialitati
993 2013 1054 2034 non
1074 2003 1210 2042 deroget,
1231 2015 1284 2035 nec

219 2043 240 2072 ‘e
260 2053 374 2082 contra,
394 2052 446 2080 pro
469 2042 566 2072 Nobis
588 2042 621 2072 &
644 2041 781 2072 Nomine
807 2040 924 2081 nostro,
949 2051 1020 2072 cum
1042 2040 1284 2074 Christianisiimo

217 2080 358 2119 ‘Principe
376 2081 516 2119 Francisco
531 2084 697 2110 Francorum
711 2083 780 2118 Rege
802 2079 1028 2118 Consanguineo
1047 2081 1145 2112 nostro
1167 2081 1283 2113 Cariffi‘-

222 2128 292 2157 mn,
309 2120 355 2150 vel
369 2120 426 2158 ejus
439 2119 624 2157 Oratoribus,
640 2119 890 2158 procuratoribus,
904 2118 1171 2159 Ambaffiatoribus,
1186 2119 1284 2151 Com-

217 2158 368 2195 aruflariis,
392 2158 449 2188 five
470 2157 642 2195 Depputatis
662 2157 852 2188 sufficientem
878 2158 1087 2189 Au&oritatem
1111 2160 1149 2189 ab
1174 2169 1216 2190 eo>
1234 2159 1282 2189 ha*-

216 2197 369 2234 bentibus,
384 2196 419 2226 de
441 2196 473 2226 &
489 2196 570 2233 super
592 2195 762 2226 Traditione
784 2206 816 2226 ac
835 2196 1046 2226 Deliberatione
1067 2199 1205 2227 Civitatis
1215 2200 1283 2226 Tor-

217 2246 338 2266 nacents
360 2235 392 2265 &
417 2235 569 2265 Territorii
590 2233 712 2273 ejusdem
735 2233 872 2263 Abbatiae
887 2234 981 2263 Sandis·
995 2234 1123 2263 Amandz·
1140 2245 1173 2264 ac
1195 2233 1284 2274 Castri

213 2273 279 2315 five
293 2274 391 2312 Oppidi
403 2274 434 2303 de
455 2275 631 2311 Mortaigne‚
649 2282 718 2303 cum
734 2272 785 2302 suis
808 2273 981 2310 pertinentiis
998 2272 1031 2302 ὃ(
1054 2271 1284 2340 defpendentiis,

219 2312 256 2343 ad
272 2311 378 2343 Manus
393 2311 463 2341 dieti
478 2310 689 2349 Consanguinei
712 2311 800 2340 nostri
816 2310 950 2348 Francifii
962 2313 1041 2347 Regis
1054 2321 1090 2341 ve
1123 2311 1284 2349 Deputato-

216 2360 282 2382 rum
298 2350 409 2380 suorum
421 2372 429 2387 ,
447 2348 498 2379 sub
513 2349 728 2388 quibuscunque
743 2347 853 2386 Partitis,
874 2347 1031 2385 Capitulis,
1048 2348 1285 2388 Conditionibus,

217 2390 251 2420 &
266 2388 513 2419 Conventionibus
528 2397 595 2418 cum
609 2387 688 2417 dieto
703 2386 790 2424 Rege
805 2386 981 2417 Francorum
995 2385 1088 2424 ejusve
1105 2386 1284 2418 Commissa-

216 2428 263 2458 riis
282 2436 330 2458 aut
350 2426 501 2467 Deputatis
521 2424 728 2457 conveniendis
742 2447 752 2462 ,
780 2425 974 2461 concipiendis
997 2425 1030 2454 ὅτ
1052 2425 1259 2456 concludendis
1272 2448 1283 2465 ,

217 2476 332 2497 necnon
355 2468 390 2495 de
404 2466 437 2497 ὃ(
452 2465 532 2504 super
551 2463 710 2502 hujusmodi
726 2463 839 2502 Paetis,
858 2463 1102 2502 conditionibus,
1118 2463 1285 2495 Contracti-

217 2506 287 2543 bus,
307 2505 340 2535 ὃς
352 2503 606 2535 Conventionibus
619 2502 851 2542 quibuscunque,
868 2513 901 2533 ac
915 2503 1000 2532 etiarn
1012 2501 1094 2541 super
1110 2502 1284 2540 quibuscun-

217 2554 273 2582 que
288 2543 474 2574 pecuniarum
489 2542 617 2573 Summis
637 2552 690 2582 pro
711 2541 882 2572 Traditione
903 2551 936 2571 ac
963 2540 1180 2571 Deliberatione
1198 2541 1279 2570 dida:

217 2586 353 2612 Civitatis
368 2580 536 2621 Tornacenfis
551 2581 730 2619 quantumvis
744 2581 873 2619 magnis,
888 2590 937 2616 per
954 2579 1101 2617 praefatum
1118 2583 1283 2609 Francorum

218 2624 314 2658 Regem
335 2620 449 2657 suosque
471 2619 608 2650 Haeredes
630 2620 663 2649 &
678 2618 858 2649 Succeffores
870 2618 971 2649 Nobis
991 2617 1093 2649 nostris
1108 2619 1282 2650 Haeredibus

219 2661 253 2690 &
276 2658 486 2688 Succefforibus
506 2658 562 2688 five
580 2657 686 2687 nostris
703 2664 750 2687 aut
774 2667 876 2688 eorum
891 2656 1058 2695 Deputatis,
1076 2658 1158 2687 certis
1176 2657 1282 2697 Locis,

219 2697 380 2735 Terminis,
402 2695 575 2734 Medisque,
593 2696 626 2727 ὃς
643 2694 748 2726 Formi
769 2694 924 2733 solvendis,
942 2695 1115 2735 Tradiandi,
1136 2695 1283 2728 Commu-

220 2735 353 2773 nicandi,
373 2735 552 2772 Paciscendi,
570 2733 797 2771 Concordandi,
815 2736 849 2766 &
865 2732 1085 2772 Concludendi,

256 2773 408 2814 Ipsumque
420 2773 590 2813 Franciscum
602 2776 698 2810 Regem
718 2772 854 2804 Haeredes
868 2773 902 2803 &
924 2772 1104 2803 Succeffores
1117 2772 1179 2804 suos
1187 2797 1197 2812 ,
1214 2784 1283 2805 nec-v

219 2822 280 2844 non
306 2812 463 2853 Regnum,
480 2812 601 2849 Terras,
628 2812 747 2850 Patrias,
773 2811 806 2842 &
829 2811 988 2849 Dominia,
1010 2821 1043 2842 ac
1065 2811 1126 2842 Res
1148 2813 1182 2843 ὃς
1206 2812 1283 2845 Bona

219 2852 266 2883 fua
289 2862 486 2891 quaecunque,
504 2861 538 2882 ac
561 2850 694 2881 Subditos
717 2850 780 2881 suos
801 2849 1001 2889 quoscunque,
1025 2860 1181 2889 eorumque
1203 2851 1281 2883 Bona

220 2891 339 2921 mobilia
354 2893 387 2921 ὃς
402 2889 566 2921 immobilia
579 2889 742 2927 ubicunque
755 2888 859 2920 fuerint
874 2897 1001 2927 reperta,
1019 2899 1072 2928 pro
1087 2889 1214 2920 Summis
1229 2890 1281 2921 hu-

215 2930 352 2968 jusmodi,
373 2930 478 2968 Locis,
496 2928 662 2965 Terminis,
686 2927 841 2966 Modoque
862 2928 895 2959 &
919 2927 1027 2958 Forma
1050 2928 1122 2958 inter
1143 2928 1281 2960 'Oratores

217 2967 329 2999 nostros
348 2969 503 3006 praediffitos
523 2968 557 2998 ὃς
577 2967 676 2997 ditium
699 2969 793 3004 Regem
809 2970 974 2996 Francorum
995 2966 1087 3005 ejusve
1102 2966 1280 2999 Commissa-

219 3008 274 3036 rios
294 3015 339 3037 aut
361 3007 521 3044 Deputatos
541 3007 671 3044 utrinque
694 3005 842 3036 conventis
866 3006 898 3036 ὃ(
922 3005 1105 3036 concordatis
1120 3028 1130 3043 ,
1161 3006 1279 3037 fideliter

216 3045 375 3114 golvcndis,
393 3044 610 3083 adstringendos
623 3047 656 3077 ὃ(
677 3043 844 3084 obligandos
860 3043 1025 3075 Paciscendi
1040 3045 1075 3075 Sc
1092 3043 1281 3077 Convenien-

239 3094 244 3113 1

251 3106 293 3152 'Et
306 3130 437 3162 praeterea
457 3132 509 3159 pro
523 3122 650 3153 Refiduo
674 3121 818 3160 cujusdam
834 3121 1024 3153 Pecuniarum
1038 3121 1168 3153 Summae
1179 3123 1278 3154 'Nobis

219 3159 391 3191 Haeredibus
411 3162 445 3191 &
467 3161 681 3191 Succefforibus
701 3160 819 3199 nostris,
843 3171 893 3199 per
917 3160 1005 3192 Cives
1027 3160 1221 3193 Tornacenses
1241 3172 1276 3193 eo

222 3208 350 3236 tempore
366 3208 423 3237 quo
438 3197 527 3228 Cives
540 3200 627 3229 diotae
641 3199 773 3229 Civitatis
787 3200 813 3230 se
830 3199 860 3229 in
882 3199 989 3231 Manus
1001 3199 1035 3229 &
1053 3198 1202 3231 Ditionem
1225 3211 1279 3232 no-

221 3236 289 3267 stras
309 3237 443 3268 dederunt
465 3236 564 3267 Nobis
579 3238 611 3268 &
635 3236 747 3268 Eisdem
772 3238 919 3276 promiffie
941 3240 974 3270 ὅτ.
987 3237 1020 3268 efi
1036 3236 1162 3269 Ratione
1180 3239 1278 3270 Nobis

222 3277 254 3306 δε
270 3276 317 3306 Eis
334 3276 437 3306 debitae
455 3276 488 3306 &
502 3277 672 3306 remanentis
691 3277 782 3307 adhuc
801 3287 861 3307 non
879 3277 989 3315 solutae,
1004 3275 1096 3313 ipsum
1111 3281 1278 3317 Franciscum

223 3317 318 3352 Regem
346 3315 378 3345 δε
405 3314 584 3345 Succeffores
608 3315 670 3345 suos
693 3315 794 3345 Nobis
815 3315 988 3347 l-laeredibus
1009 3316 1042 3344 &
1064 3315 1278 3348 successoribus

222 3354 323 3384 nostris
347 3353 500 3383 Debitores
524 3353 753 3392 constituendos,
772 3354 973 3393 surrogandos,
990 3353 1179 3394 obligandos,
1198 3356 1231 3386 &
1249 3367 1279 3387 a-

222 3392 417 3429 stringendOS,
436 3391 637 3422 Conveniendi
656 3393 691 3424 &
714 3393 936 3431 Concludendi,
960 3393 1005 3424 vel
1021 3393 1084 3423 alias
1108 3392 1279 3425 Promiffio-

222 3442 271 3462 nes
298 3431 488 3470 Recipiendi,
513 3441 576 3470 quae
601 3430 704 3461 eisdem
724 3431 959 3463 Procurator-ibus
977 3431 1079 3462 nostris
1104 3432 1280 3464 rationabiles

224 3470 415 3509 videbuntur,

261 3508 412 3547 Ipsumque
426 3512 589 3537 Francorum
602 3510 696 3544 Regem
712 3507 851 3546 Regnum
868 3508 974 3539 Terras
998 3509 1031 3539 &
1046 3508 1189 3539 Dominia
1204 3520 1282 3549 quae-

224 3558 338 3587 cunque
351 3548 386 3578 ad
403 3547 598 3578 inviolabilem
613 3545 832 3576 Conventorum
848 3547 880 3577 &
895 3546 1107 3577 conclusorum
1121 3547 1283 3580 Observan-

225 3588 314 3625 tiam,
332 3587 383 3617 sub
397 3585 530 3617 Censuris
545 3584 743 3615 Ecclefiasticis
756 3585 982 3624 quibuscunque,
1001 3587 1036 3617 &
1058 3586 1088 3615 in
1109 3586 1201 3617 forma
1225 3587 1283 3618 Ca-

226 3635 314 3656 merae
328 3624 524 3662 Apostolicae,
544 3633 577 3653 ac
593 3621 656 3652 alias
678 3631 763 3660 prout
778 3624 816 3653 eis
835 3624 992 3661 videbitur,
1009 3623 1108 3654 Nobis
1129 3624 1283 3665 astringen-

229 3664 264 3694 da
283 3666 315 3695 ὅ(
335 3665 485 3703 obliganda
505 3662 625 3693 sirtviliter
641 3660 805 3691 Paciscendi
823 3662 856 3692 δε
869 3661 1090 3701 Conveniendi,

233 3705 237 3708 ”
266 3703 313 3734 Ac
331 3703 444 3733 ulterius
462 3711 514 3740 pro
531 3700 685 3731 Securitate
701 3699 843 3730 Firmitate
866 3700 898 3730 δε
923 3699 1130 3732 observatione
1149 3705 1285 3735 omnium

230 3740 263 3771 δε
279 3741 450 3780 ᾗηὲυΙοτυῑτι
469 3740 625 3770 Ρειᾶὶοτυιη
642 3741 675 3770 &
689 3737 928 3768 Conventionum
943 3738 1140 3771 faciendorum
1163 3743 1224 3773 tarn
1244 3743 1286 3774 su-

229 3789 279 3817 per
294 3781 370 3811 dicia
383 3779 550 3810 Traditionc
566 3780 598 3810 &
616 3777 828 3808 Deliberatione
838 3776 924 3806 dieiae
944 3780 1078 3807 Civitatis
1098 3780 1285 3820 Tornacensts,

230 3819 315 3856 quam
337 3819 416 3857 super
434 3817 627 3849 Matrix-nonio
649 3817 719 3846 inter
741 3813 919 3845 Cariffimam
944 3815 1047 3847 Filiam
1070 3817 1196 3848 nostram
1221 3823 1289 3849 Ma—

230 3860 301 3886 riam
317 3857 354 3892 &¹
370 3857 537 3896 Francifium
557 3854 715 3893 Delphinum
732 3852 907 3892 Viennensem
923 3853 1028 3884 Filium
1052 3856 1179 3891 praedicsti
1200 3860 1289 3888 Fran-

235 3894 292 3931 cisti
308 3898 383 3933 Regis
397 3896 563 3933 contracto,
582 3893 701 3924 Obsides
714 3892 816 3930 Regni
829 3893 867 3922 sui
884 3892 1009 3923 Franciae
1027 3892 1152 3925 Nobiles
1168 3897 1238 3926 boni
1255 3898 1288 3928 &

234 3931 394 3964 sufficientis
406 3933 519 3965 Valoris
532 3933 713 3972 quoscunque
728 3931 761 3962 &
783 3939 966 3970 quotcunque
981 3932 1019 3961 eis
1039 3933 1168 3971 expedire
1183 3936 1290 3966 videbi-

234 3978 280 4001 tur
294 3971 322 4000 in
342 3971 445 4001 Manus
463 3972 569 4002 nostras
582 3971 690 4002 dandos
705 3970 737 4000 &
752 3969 918 4006 tradendOS,
937 3969 1058 4010 aliosque
1070 3971 1198 4003 Nobiles
1219 3975 1290 4004 boni

230 4009 264 4040 ὃ(
280 4007 442 4040 sufficientis
456 4010 588 4048 Valoris,
606 4010 624 4039 si
647 4009 697 4047 ipsi
712 4010 758 4038 vel
771 4018 869 4039 eorum
891 4009 988 4047 aliquis
1013 4012 1168 4049 moriatur,
1188 4012 1218 4041 in
1234 4013 1291 4043 Lo-

232 4057 303 4079 cum
326 4049 382 4085 ejus
403 4047 449 4080 vel
467 4058 566 4080 eorum
587 4046 795 4080 substituendos
816 4046 995 4087 Paciscendi,
1009 4045 1240 4090 ,Conveniendss
1259 4052 1292 4085 ὅς

1322 1735 1584 1804 ἀερῗεῃόεηῑὼυε,
1599 1736 1631 1766 &
1654 1737 1787 1765 connexis
1810 1735 2036 1776 quibuscunque,
2053 1737 2244 1776 cujuscunque
2266 1739 2389 1771 Naturae

1322 1775 1369 1805 seu
1398 1775 1580 1812 mportantiae
1602 1774 1723 1811 fuerint,
1743 1784 1807 1812 quae
1828 1775 1857 1803 in
1874 1773 2025 1805 Przemiffis
2042 1776 2088 1806 vel
2109 1777 2204 1814 aliquo
2224 1777 2389 1809 Praemiffo-

1321 1821 1385 1844 rum
1403 1813 1554 1845 necessaria
1570 1813 1675 1842 fuerint
1691 1812 1737 1843 seu
1759 1813 1979 1852 quomodolibet
2002 1823 2158 1853 oportuna,
2176 1817 2260 1845 etiam
2286 1817 2304 1846 fi
2327 1817 2390 1848 talia

1322 1851 1428 1883 fuerint
1450 1862 1514 1892 quae
1537 1853 1572 1884 de
1594 1851 1639 1881 sua
1656 1850 1768 1881 Natura
1788 1851 1823 1881 ad
1843 1860 1874 1882 ea
1896 1851 2066 1889 perficienda
2082 1853 2254 1884 Mandatum
2275 1856 2390 1893 exigunt

1321 1892 1415 1928 'magis
1438 1891 1555 1929 speciale
1603 1891 1669 1920 uam
1696 1889 1882 1921 Praesentibus
1904 1891 1936 1920 sit
1959 1891 2135 1930 expressum,
2153 1893 2185 1922 ὃς
2211 1903 2274 1930 quse
2290 1894 2390 1925 Nobis

1320 1931 1413 1961 facere
1440 1931 1538 1961 liceret
1555 1929 1574 1959 si
1617 1928 1743 1959 raemiffis
1760 1929 1937 1967 personaliter
1951 1929 2102 1960 Praesentes
2124 1932 2334 1971 interessemus,

1359 1968 1581 2006 promittentes,
1605 1968 1681 1997 bona
1710 1967 1776 1997 Fide
1799 1968 1831 1998 &
1857 1969 1887 1998 in
1910 1968 2008 1998 Verbo
2031 1968 2143 2008 Regio,
2171 1970 2237 2000 Nos
2261 1970 2386 2010 Rarum,

1321 2007 1464 2047 Gratum,
1484 2009 1517 2039 ὃς
1538 2007 1666 2037 Firmum
1688 2005 1831 2036 habituros
1850 2007 1879 2036 id
1903 2014 1996 2037 toturn
2015 2007 2047 2037 ὃ(
2064 2009 2200 2046 quicquid
2224 2018 2272 2046 per
2294 2010 2389 2041 diffitos

1321 2046 1473 2086 Oratores,
1491 2044 1728 2082 Commiffiirios,
1757 2044 1975 2083 Procuratores,
1998 2045 2148 2084 Nuncios,
2173 2048 2205 2078 δε
2229 2048 2387 2085 Deputatos

1320 2085 1451 2124 nostros,
1468 2085 1515 2115 seu
1532 2093 1632 2115 eorum
1656 2093 1855 2122 quemcunque
1873 2083 2000 2122 Acium,
2019 2083 2159 2122 Gestum,
2180 2085 2387 2125 Conventum‚

1316 2124 1461 2163 Juratum,
1480 2132 1526 2154 aut
1544 2122 1660 2153 Pastum
1678 2122 1759 2152 fuerit
1774 2123 1803 2152 in
1821 2122 1992 2160 Praemiffis,
2008 2122 2040 2153 &
2057 2132 2156 2154 contra
2173 2134 2204 2154 ea
2222 2125 2263 2155 vel
2286 2135 2386 2156 eorum

1318 2163 1410 2201 aliqua
1434 2163 1513 2194 nullo
1530 2161 1622 2192 modo
1639 2162 1852 2199 contravenire,
1874 2162 1970 2191 immo
1990 2161 2044 2198 ipsa
2062 2161 2269 2200 Manutenere,
2287 2164 2319 2193 &
2342 2165 2387 2194 in-

1319 2201 1489 2232 violabiliter
1504 2200 1683 2237 Observare,
1702 2209 1735 2229 ac
1752 2209 1804 2237 per
1826 2199 1934 2230 nostras
1951 2200 2082 2231 Parentes
2104 2200 2209 2231 Literas
2232 2201 2385 2234 confirma-

1320 2248 1359 2270 re.
1801 2247 1820 2256 ¹·

1356 2314 1393 2345 In
1408 2314 1486 2359 cujus
1499 2315 1540 2345 rei
1556 2313 1773 2357 Testimonium
1788 2311 1976 2345 Praesentibus
1988 2315 2059 2355 hiis,
2076 2314 2174 2348 Manu
2187 2315 2282 2349 nostr&
2296 2317 2384 2359 figna-

1321 2354 1373 2392 tis,
1391 2352 1526 2393 Sigillum
1539 2352 1671 2383 nostrum
1685 2351 1819 2382 duximus
1833 2353 2044 2391 apponendum.

1364 2429 1433 2461 Dat.
1461 2430 1588 2460 London.
1612 2432 1709 2468 primo
1731 2429 1777 2460 die
1801 2429 1942 2461 onobris
1971 2430 2058 2462 Anno
2080 2430 2205 2464 Domini
2227 2432 2386 2465 Millefimo

1320 2468 1548 2509 quingentesimo
1563 2469 1679 2498 decimo
1694 2469 1821 2506 οᾶανο,
1840 2467 1940 2505 Regni
1954 2472 2025 2500 vero
2041 2470 2131 2500 nostri
2145 2471 2274 2503 decimo.

1357 2543 1392 2574 In
1414 2554 1538 2585 quorum
1559 2546 1694 2576 omnium
1725 2544 1758 2576 &
1780 2544 1818 2575 fin
1839 2544 1952 2575 ulorum
1990 2545 2208 2578 Praemissbrum
2231 2548 2330 2579 Fidem
2351 2551 2386 2581 δε

1319 2583 1539 2615 Testimonium
1555 2584 1641 2621 Nos,
1661 2584 1799 2614 Oratores
1841 2584 2010 2614 ommissarii
2026 2584 2059 2615 &
2083 2585 2284 2618 Procuratores
2305 2596 2386 2618 ante-n

1319 2622 1392 2652 diffl
1408 2622 1533 2653 Domini
1547 2623 1635 2653 nostri
1657 2621 1885 2652 Christianiffirni
1907 2625 1985 2661 Regis
1999 2626 2178 2664 Francorum,
2198 2624 2386 2656 Praesentibus

1321 2660 1435 2699 Literis,
1454 2661 1590 2693 Manibus
1605 2661 1707 2692 nostris
1721 2661 1897 2699 subscriptis,
1913 2661 2011 2699 Sigilla
2024 2662 2119 2694 nostra
2141 2665 2330 2702 apposuimus.

1356 2738 1431 2769 Data
1445 2738 1474 2768 in
1488 2738 1559 2767 Urbe
1576 2738 1700 2768 London.
1720 2737 1780 2767 Die
1804 2745 1903 2777 quarto
1921 2737 2029 2768 Mensis
2047 2738 2186 2770 octobris
2206 2740 2294 2771 Anno
2314 2740 2383 2774 Do-j

1320 2778 1394 2808 mini
1410 2776 1569 2808 Millesimo
1581 2776 1804 2816 quingentesimo
1821 2776 1937 2807 decimo
1951 2776 2064 2808 οᾶανο.

1354 2853 1668 2885 G.G0u12F1r.R.

1352 2893 1617 2925 STEPHANUS
1633 2893 1913 2924 PAR1srnnsrs
1932 2891 2185 2925 Episcopus:

1355 2931 1387 2962 F.
1406 2941 1457 2963 DE
1478 2931 1845 2962 Rocnsscnovunr.

1353 2970 1414 3002 Dr.
1441 2970 1722 3001 NEUFVILLE.

1388 3046 1442 3077 Sub
1469 3046 1568 3115 Sigiillis
1586 3046 1644 3115 [gis
1663 3051 1731 3077 Cera
1758 3047 1840 3076 rubea
1859 3060 1877 3077 a
1901 3046 2058 3087 Duplicibus
2083 3047 2183 3078 Caudir
2206 3049 2376 3087 Pergamena,

1468 3094 1522 3125 pen
1543 3094 1600 3116 ent!
1620 3095 1652 3116 us*

1624 3229 1790 3263 Yrafbatus
1817 3227 2061 3277 Depraedationis.

1315 3316 1590 3373 UanRsrs
1616 3323 1669 3347 ET
1688 3315 1920 3353 SINGULIs,
1940 3314 1975 3345 ad
2001 3322 2123 3352 quorum
2150 3311 2279 3343 Notitias
2304 3314 2380 3350 praei

1387 3356 1475 3387 sentes
1499 3356 1614 3386 Litterae
1631 3355 1828 3393 pervenerint,
1847 3354 1932 3391 Nos,
1951 3352 2111 3382 Guillermus
2128 3350 2248 3389 Gouffi'er
2268 3350 2378 3396 Domi-

1314 3405 1364 3426 nus
1381 3394 1417 3425 de
1440 3394 1582 3425 Boniveto
1609 3393 1697 3424 Miles
1717 3393 1838 3423 Ordinis
1857 3401 1972 3422 necnon
1994 3388 2377 3432 Cambellanus'Ordmarius

1315 3433 1506 3465 Potentiffimi
1526 3435 1559 3465 ὃς
1576 3431 1754 3463 Ιηνὶὲὶίίϊὶπιί
1772 3431 1912 3468 Principis
1929 3430 1961 3460 δε
1978 3429 2100 3459 Domini
2117 3426 2204 3471 nostri
2225 3428 2377 3467 Francisci,

1318 3472 1376 3503 Dei
1390 3471 1497 3510 gratia,
1515 3475 1679 3501 Francorum
1691 3473 1768 3507 Regis
1791 3467 2018 3499 Christianissimi
2037 3476 2070 3496 ac
2095 3465 2272 3496 Admiraldus
2291 3466 2377 3497 Fran-

1317 3512 1388 3548 ciae,
1405 3513 1453 3540 ste
1469 3509 1556 3539 hanes
1572 3510 1604 3539 de
1621 3508 1740 3539 Poncher
1759 3510 1812 3545 Epi
1825 3515 1898 3545 copus
1914 3503 2081 3548 Parifienfis,
2101 3502 2255 3543 Francifius
2273 3504 2305 3534 de
2319 3508 2377 3535 Ru-

1311 3558 1433 3588 pecavar
1452 3552 1462 3578 i
1481 3547 1567 3579 Miles
1584 3547 1730 3578 Dominus
1745 3546 1780 3576 de
1828 3544 2030 3582 ampodenario
2045 3541 2221 3585 Senescallus-
2235 3542 2377 3574 Tholofae

1318 3589 1352 3620 &
1367 3587 1552 3618 Gubernator
1573 3585 1704 3623 Rupellae
1726 3583 1928 3615 Cambellanus
1949 3581 2021 3610 dieu
2036 3579 2268 3611 Christianiffimi
2290 3582 2376 3612 Fran-

1317 3636 1420 3658 corum
1436 3625 1527 3663 Regis
1545 3623 1582 3660 ὠ
1596 3623 1747 3654 Nicholaus
1763 3623 1794 3652 de
1811 3619 1955 3659 Neufville
1969 3619 2055 3648 etiam
2072 3618 2159 3649 Miles
2175 3618 2321 3650 Dominus
2341 3620 2378 3651 de

1317 3665 1443 3703 Villeroy
1465 3663 1636 3694 Secretarius
1659 3662 1859 3692 Financiarum
1879 3658 1949 3688 dieti
1975 3655 2207 3688 Christianiffimi
2228 3657 2315 3701 Regis
2343 3668 2378 3689 ac

1319 3702 1528 3734 Audientiarius
1541 3702 1691 3739 'Franciae,
1709 3697 1887 3734 Consiliarii,
1906 3696 2060 3740 Oratores,
2072 3694 2290 3740 *Commiflariss
2306 3695 2379 3726 Pro-

1319 3751 1477 3779 curatoreS,
1495 3743 1529 3773 &
1545 3739 1763 3771 Ambaffiatores
1781 3735 1905 3774 ejusdem
1922 3733 2155 3764 Christiamffimi
2169 3733 2259 3772 Regis
2273 3733 2312 3778 ad
2330 3734 2379 3765 In-

1320 3781 1461 3818 frascripta
1475 3778 1646 3810 sufficienter
1661 3776 1787 3815 deputati
1801 3774 1984 3812 &legittime
1999 3772 2188 3804 constituti&
2202 3771 2362 3805 auctorffau
2369 3795 2381 3812 ,

1321 3820 1456 3852 Salutem.

1360 3858 1527 3888 NoTuM
1547 3861 1730 3886 FAcIMUs
1747 3851 1846 3891 quod,

1360 3895 1441 3927 Cum
1457 3895 1530 3924 inter
1547 3893 1659 3923 mestum
1684 3888 1954 3921 Christianiffimum
1978 3892 2141 3920 Francorum
2161 3888 2195 3920 &
2219 3887 2383 3920 Potentiffi-

1324 3944 1406 3965 mum
1423 3943 1456 3964 ac
1479 3931 1691 3962 Sereniffimum
1715 3930 1735 3948 ³*
1756 3931 1921 3967 Henricum,
1937 3928 1997 3959 Dei
2020 3927 2139 3965 Gratia,
2166 3927 2282 3965 Angliae
2303 3931 2385 3966 Reges

1324 3972 1459 4004 nonnulla
1471 3968 1579 4000 Statuta'
1591 3967 1844 4005 Ordinationesque
1853 3990 1864 4006 ,
1875 3978 1934 4036 Ero
1945 3966 2124 4010 Bono-Pacis
2140 3966 2286 4005 utriusque
2308 3966 2387 4005 Reg-

1324 4014 1353 4042 ni
1369 4035 1378 4050 ,
1406 4010 1612 4045 Maritinnsque
1644 4017 1676 4037 ac
1713 4007 1842 4036 Piraticis
1909 4005 2147 4045 epraedationibus
2182 4005 2388 4044 cohercendis,

1324 4049 1468 4089 Dampnis
1492 4048 1524 4079 ὅτ
1550 4046 1659 4117 Ιιέῇιπίἰε
1677 4045 1817 4076 hincinde
1835 4044 1915 4077 illatis
1940 4042 2132 4081 resaruendis,
2146 4043 2207 4079 jam
2224 4044 2295 4073 olim
2314 4043 2387 4111 {dita

1585 4084 1594 4103 ¹'
1619 4093 1632 4123 3
2334 4091 2379 4111 ue-

2407 236 2483 268 Ann.
2497 239 2540 271 D„

2436 277 2519 314 15182

2406 320 2469 343 Heu.
2491 316 2518 344 8.

2421 826 2536 855 *xlm

2432 867 2497 900 649.

2398 3330 2531 3366 Ann.D.‘

2421 3372 2505 3409 1518.

2399 3415 2451 3438 Aa.
2470 3421 2513 3439 ιο.

2398 3454 2433 3477 Η.
2455 3449 2482 3478 8.

2397 3492 2437 3515 Ex
2453 3491 2514 3521 Ata-¹

2397 3533 2463 3563 tog?-

2405 3951 2427 3973 4
2453 3952 2542 3981 xm,

2439 3992 2509 4027 6500
