2542 4274
138 250 274 283 Ann.D.
292 256 412 295 gratiose
429 262 577 293 acceptare
598 257 631 289 δε
654 257 817 297 admittere,
840 269 995 300 caeteraque
1016 272 1080 300 quae
1102 263 1131 293 in
1152 263 1205 293 hac
1229 271 1305 301 parte
1324 262 1359 294 ad

142 292 261 360 &Ji-22

174 372 232 407 Reg.

120 1300 200 1331 Ann.
210 1299 252 1332 D.

138 1340 224 1378 1576.

117 1382 179 1406 Pat.
192 1379 235 1407 18.

116 1416 186 1444 Eliz.
207 1425 234 1454 p.

118 1464 145 1489 4.
154 1465 192 1486 m.
208 1466 217 1483 1
227 1467 252 1487 1.

105 2289 184 2322 Ann.
200 2290 240 2321 D.

126 2331 212 2366 1576.

141 2369 208 2397 ibid.

106 2415 142 2436 9³.
158 2416 201 2435 ¹2·

124 2895 219 2923 ¹XV.

139 2941 207 2969 755·

824 173 936 215 ET
1023 175 1294 217 ACTA

292 305 347 325 nos
366 296 520 334 pertineant
539 305 618 335 agere
636 298 669 328 ὃς
686 298 853 337 perimplere
871 300 1067 339 dignaremur,
1085 310 1167 339 prout
1181 311 1230 340 per
1247 302 1355 333 Literas

266 351 273 359 ·
292 332 349 363 ssias
366 333 513 370 praedietas
527 335 633 371 plenius
649 337 734 375 liquet
752 340 784 367 ὃς
808 348 935 377 apparet3

328 371 429 402 Sciatis
451 373 532 410 quod
551 375 646 417 Nos,
663 374 906 407 Praesentationem
928 379 960 408 ὃς
988 377 1231 409 Nominationem
1250 378 1353 416 praedi-

290 408 350 440 dtas
374 420 552 455 acceptantes
567 436 576 450 ,
603 414 709 445 eisdem
730 414 861 450 Regium
889 416 1021 447 nostrum
1044 416 1193 447 Assensum
1223 417 1352 449 adhibui-

287 455 354 491 mus
370 458 479 494 pariter¹
491 452 524 482 &
546 451 569 481 F
572 463 708 492 avorem3
726 455 759 485 ὅ(
779 453 836 484 hoc
854 455 936 485 vobis
952 456 1067 485 Tenore
1090 455 1273 487 Praesentium
1295 456 1351 493 fig-

285 486 401 517 mficare
416 488 563 520 duximus:

324 525 488 571 Rogantes,
504 539 537 559 ac
554 530 582 558 in
598 528 652 559 fide
670 531 703 561 &
720 529 872 560 dilectione
895 531 995 569 quibus
1009 533 1094 563 nobis
1113 534 1247 564 tenemini
1263 532 1350 563 firmi-

286 570 329 594 ter
350 567 544 606 praeclpiendo
565 568 728 599 mandantes
746 591 755 606 ,
783 578 917 606 quatenus
946 580 998 600 vos
1015 593 1024 609 ,
1048 571 1171 601 eundem
1193 572 1351 611 Johannem

290 605 430 644 Merz'cke,
449 606 477 635 in
498 605 675 643 Episcopum
698 608 731 638 ὅς
755 606 900 638 Pastorem
924 608 1023 639 Insulae
1045 610 1081 640 de
1103 610 1177 640 Man
1195 610 1350 648 praedi&ae,

284 641 340 679 sic,
351 652 381 674 ut
395 644 557 682 praefertur,
574 646 768 682 praesentatum
781 648 813 677 ὃ(
828 648 1028 685 nominatum,
1048 648 1296 679 Praesentationem
1314 650 1348 678 &

286 680 537 714 Nominationem
554 684 700 721 praediiias
721 685 905 724 confirmare,
923 686 957 716 &
977 686 1100 716 eundem
1125 686 1302 727 Episcopum
1315 688 1349 717 &

286 718 435 750 Pastorem
455 721 554 752 Insulae
579 724 724 763 praedfflae
744 724 907 754 consecrare
929 725 1123 755 aucthorizare
1148 727 1181 756 ὃς
1201 725 1349 763 investire,

281 767 442 802 caeteraque
468 762 567 791 omnia
590 763 622 792 &
646 762 753 799 singula
782 771 910 801 peragere
939 773 1002 800 quae
1027 763 1122 793 vestro
1144 764 1174 793 in
1195 765 1249 795 hac
1270 772 1347 802 parte

280 798 452 840 incumbunt
475 798 588 830 Officio
607 801 748 838 pastorali,
764 800 840 838 quta
854 802 977 831 formam
995 801 1109 839 Legum
1124 803 1156 833 ὃ(
1171 801 1347 834 Statutorum

281 844 356 902 mlea
372 845 449 879 parte
468 836 609 904 editogim
629 840 662 870 &
679 839 875 878 provisorum,
892 840 982 871 velitis
1000 850 1067 871 cum
1083 839 1201 872 effedtu.

332 883 351 902 n
375 884 455 910 cujus
472 885 527 912 rei,
569 885 607 906 ἐ.

352 948 441 981 Teste
457 949 571 990 Regina
588 953 662 991 apud
674 954 860 996 Gorhambury
882 954 999 986 decimo
1014 956 1099 986 tertio
1116 955 1162 986 die
1178 954 1293 994 Aprilis.

754 1035 808 1063 Per
824 1036 917 1063 Breve
934 1032 967 1063 de
983 1036 1104 1064 Privato
1117 1032 1218 1072 sigillo.

483 1196 541 1229 Ad
559 1201 719 1233 Vicarium
738 1209 916 1245 perpetuam
938 1201 1137 1245 PraesbntatiO.

278 1281 455 1341 REgina,
479 1284 654 1317 Reverendo
674 1285 706 1314 in
731 1283 852 1315 Christo
877 1285 954 1316 Patri
974 1308 983 1323 ,
1016 1285 1152 1315 Domino
1180 1285 1343 1323 Wllielmo,

343 1320 544 1365 ‘Permiffione
562 1323 675 1356 Divina
690 1345 700 1361 ,
727 1322 857 1363 Cestrenfi
882 1324 1033 1362 Episiopo,
1059 1324 1152 1362 ejusve
1181 1327 1287 1354 Vicario
1311 1326 1342 1354 in

276 1360 468 1402 Spiritualibus
487 1363 637 1401 Generali,
657 1372 704 1394 aut
722 1362 804 1393 alicui
826 1363 997 1401 cuicumque
1020 1363 1093 1393 hanc
1113 1362 1240 1393 nostram
1262 1363 1343 1393 Prae-

271 1399 457 1431 sentationem
492 1402 660 1434 admittendi
685 1400 861 1432 Potestatem
883 1403 917 1433 ὃς
944 1402 1153 1434 Auctoritatem
1175 1401 1343 1432 sufficientes

271 1438 403 1477 habenti,
422 1440 555 1472 Salutem.

310 1478 358 1508 Ad
377 1481 515 1509 Vicarium
526 1487 684 1519 perpetuam
707 1477 830 1518 Ecclesiae
848 1478 1016 1509 Parochialis
1034 1480 1067 1510 de
1085 1480 1225 1509 Catterick
1240 1479 1342 1510 vestrae

271 1516 429 1548 Cestrenlis
452 1517 619 1558 Dioecefis,
649 1520 710 1557 jam
736 1517 772 1547 de
799 1518 868 1555 Jure
890 1527 1039 1549 vacantem
1056 1541 1066 1556 ‚
1099 1519 1132 1549 ὃς
1151 1518 1186 1548 ad
1217 1518 1342 1548 nostram

270 1554 523 1588 Praesentationem
541 1558 629 1597 pleno
642 1559 706 1596 jure
722 1556 895 1594 speetantem
908 1580 917 1595 ,
936 1557 1073 1587 dileetum
1088 1557 1188 1586 Nobis
1208 1558 1237 1587 in
1254 1555 1341 1587 Chri—

269 1593 333 1633 sto,
349 1594 479 1625 Thomam
498 1600 574 1627 Scott
598 1598 713 1628 Artium
737 1594 912 1634 Magistrum
927 1597 961 1627 δε
983 1595 1073 1627 Verbi
1096 1594 1156 1625 Dei
1172 1594 1342 1626 Conciona-

270 1640 366 1665 torem
375 1658 384 1673 ‚
403 1636 487 1666 vobis
504 1636 719 1674 praesentamus,

309 1672 458 1713 Rogantes
474 1683 632 1712 quantenus
653 1672 778 1704 eundem
797 1671 926 1700 Thomam
949 1675 1022 1700 Scott
1042 1672 1076 1701 ad
1098 1673 1244 1702 Vicariam
1266 1683 1341 1711 prae-

268 1711 383 1743 dictam
406 1712 574 1749 admittere,
591 1713 739 1751 ipsumque
759 1708 912 1738 Vicarium
932 1709 1072 1748 ejusdem,
1091 1720 1125 1740 ac
1147 1711 1177 1739 in
1198 1712 1231 1741 δε
1245 1710 1281 1741 de
1295 1722 1341 1741 ea-

266 1749 337 1779 dem
358 1750 520 1787 instituere,
547 1759 617 1780 cum
638 1748 691 1778 suis
709 1747 824 1786 juribus
845 1748 879 1777 &
907 1745 1086 1778 Pertinentiis
1107 1748 1238 1778 univerfis
1251 1771 1260 1786 ,
1282 1758 1340 1779 cae-

265 1793 381 1824 teraque
403 1789 503 1816 omnia
525 1789 560 1818 δε
584 1787 691 1823 fingula
713 1786 807 1816 facere
835 1794 964 1824 peragere
992 1788 1026 1817 &
1050 1787 1217 1825 perimplere
1233 1810 1243 1825 ,
1275 1798 1340 1825 quae

267 1824 364 1855 vestro
382 1825 488 1855 in·hac
501 1834 580 1863 parte
602 1824 778 1857 incumbunt
797 1823 914 1855 Officio
936 1823 1089 1864 Pastorali,
1106 1826 1195 1856 velitis
1214 1836 1282 1857 cum
1297 1825 1339 1856 fa·-

264 1873 345 1895 vore.

301 1901 338 1933 ln
355 1903 435 1940 cujus
446 1903 505 1941 rei,
522 1903 584 1934 &c.

341 1978 432 2010 Teste
445 1979 560 2020 Regin&¹
576 1980 650 2020 apud
671 1979 860 2021 Gorhambury
877 1980 994 2011 decimo
1011 1980 1088 2011 sexto
1105 1979 1152 2010 die
1170 1980 1280 2018 Aprilis.

766 2061 820 2088 Per
836 2061 930 2088 Breve
945 2058 979 2087 de
994 2059 1113 2087 Privato
1129 2056 1230 2094 Sigillo.

402 2188 461 2219 Pro
483 2186 623 2233 Epifiopo
649 2186 780 2231 Roffi’nst
801 2186 1029 2230 Eleemqslnario
1054 2188 1182 2233 Reginae.

264 2270 321 2325 R
332 2270 441 2310 ligura,
460 2273 595 2303 omnibus
610 2272 642 2303 ad
662 2282 732 2312 quos
743 2295 752 2309 ,
768 2273 831 2303 &c.
851 2271 989 2302 Salutem.

361 2312 460 2341 Sciatis
479 2312 547 2342 Nos
558 2335 567 2350 ,
585 2311 620 2342 de
637 2311 738 2341 Gratia
753 2310 846 2340 nostra
860 2310 971 2347 speciali
993 2310 1026 2341 ὃ(
1049 2320 1130 2341 mero
1152 2310 1243 2342 Motu
1260 2321 1328 2342 nos-

260 2348 326 2388 tris,
345 2349 451 2380 dedisse
472 2351 505 2380 &
527 2350 709 2388 concessisse,
739 2359 773 2380 ac
790 2359 840 2387 per
856 2349 1009 2379 Praesentes
1028 2348 1093 2379 dare
1109 2350 1141 2380 &
1158 2350 1331 2390 concedere,

259 2386 436 2419 Reverendo
458 2390 489 2418 in
513 2388 631 2419 Christo
652 2389 745 2426 Patri,
763 2387 894 2426 Johanni
909 2391 1027 2425 Pearce,
1052 2387 1239 2419 Permiffione
1258 2388 1333 2420 divi-

257 2425 310 2463 na,
328 2427 446 2467 Roffinfi
463 2426 589 2467 Epifiopo
613 2427 726 2465 Magno
742 2426 966 2457 Eleemosmario
988 2425 1104 2464 nostro,
1122 2428 1152 2457 in
1180 2427 1332 2465 Augmen-

258 2468 397 2497 tationem
417 2466 608 2497 Eleemosinae
631 2466 735 2496 nostrae
753 2489 762 2503 ‚
788 2474 847 2496 tam
870 2466 968 2495 omnia
988 2465 1021 2496 &
1043 2465 1148 2502 singula
1170 2465 1250 2504 Bona
1273 2466 1331 2497 Ca-

257 2503 322 2534 talla
338 2506 372 2536 ὃς
396 2505 503 2535 Debita
527 2514 776 2543 quarumcumque
796 2503 986 2534 Personarum
1010 2503 1152 2534 Felonum
1176 2504 1211 2535 de
1227 2504 1272 2542 se,
1296 2507 1330 2537 &

257 2543 405 2580 cujussibet
428 2544 560 2574 Personae
583 2543 694 2573 Felonis
717 2544 752 2573 de
775 2542 819 2580 se,
838 2543 926 2580 quam
949 2543 1048 2572 omnia
1069 2543 1102 2572 δε
1126 2543 1230 2582 singula
1245 2544 1331 2574 Deo-

259 2579 352 2610 danda
371 2582 441 2611 infra
467 2581 608 2620 Regnum
638 2581 768 2612 nostrum
790 2581 904 2620 Angliae
929 2591 964 2611 ac
990 2581 1106 2611 Walliae
1128 2582 1160 2612 ὃς
1185 2582 1331 2614 Merchias

257 2618 400 2656 ejusdem,
422 2627 479 2649 tam
496 2620 567 2650 infra
592 2620 749 2650 Libertates
770 2620 857 2659 quam
880 2628 958 2650 extra
974 2620 1089 2650 inventa
1108 2619 1164 2650 sive
1180 2621 1329 2652 invenien-

258 2657 313 2694 da,
332 2657 476 2688 forisfatfta
498 2658 555 2688 five
570 2658 783 2696 forisfacienda,
798 2668 861 2696 quae
882 2658 985 2689 Nobis
1006 2668 1083 2688 nunc
1106 2659 1265 2698 pertinent,
1283 2662 1329 2690 vel

258 2705 388 2735 unquam
411 2696 475 2732 post
495 2696 646 2728 decimum
669 2698 797 2735 quintum
813 2697 890 2727 diem
913 2696 1018 2735 Aprilis
1037 2697 1169 2727 ultimum
1191 2706 1255 2729 ante
1279 2699 1329 2729 da-

258 2741 318 2764 tam
338 2734 523 2765 Praesentium
556 2737 733 2772 praeteritum
755 2735 947 2775 quovismodo
973 2736 1164 2772 pertinuerunt
1186 2746 1220 2766 ac
1243 2739 1330 2774 perti-

257 2783 325 2804 nere
338 2773 509 2812 debuerunt,
527 2775 561 2805 &
583 2774 714 2814 deinceps
735 2773 868 2812 quamdiu
890 2773 981 2813 ipsum
997 2773 1158 2812 Johannem
1176 2774 1329 2806 Eleemofi-

257 2813 375 2882 fiariurr:j
393 2812 523 2843 nostrum
551 2812 614 2843 fore
637 2814 791 2851 contigerit
812 2813 1001 2850 pertinuerint
1024 2812 1069 2843 vel
1095 2814 1269 2850 contigerint
1285 2815 1327 2845 ul-

267 2860 287 2880 o
306 2861 357 2881 mo
378 2862 398 2882 o

295 2889 314 2909 ³¹⁶
326 2889 366 2921 Et
385 2875 518 2921 v’olumus
540 2892 574 2922 &
589 2889 778 2922 concedimus
799 2889 893 2920 eidem
913 2888 1119 2929 Eleemofinario
1137 2889 1224 2929 nostro
1246 2891 1326 2929 quod

262 2929 338 2959 bene
355 2930 437 2960 liceat
450 2931 475 2960 ei
486 2940 519 2960 ac
547 2929 698 2966 Deputatis
716 2929 749 2960 &
766 2928 955 2960 Servientibus
976 2927 1045 2966 suis,
1063 2929 1161 2959 omnia
1182 2930 1327 2968 hujusmo-

259 2967 290 2997 di
311 2967 390 2998 Bona
405 2967 513 2999 Catalla
534 2969 567 2999 δε
588 2967 694 2999 Debita
716 2966 855 2998 Felonum
879 2967 915 2998 de
939 2966 982 3005 se,
1002 2977 1036 2997 ac
1059 2966 1221 2998 Deodanda
1237 2991 1246 3007 ‚
1264 2969 1326 2999 ubi-

258 3015 385 3045 cumque
408 3007 528 3037 inveniri
550 3008 690 3045 poterint,
716 3014 775 3037 tam
796 3006 869 3036 infra
891 3006 1046 3036 Libertates
1068 3008 1155 3044 quam
1183 3015 1275 3045 extra,
1295 3017 1326 3038 ut

258 3045 423 3084 praefertur‚
441 3045 528 3076 seifire
549 3055 712 3087 recuperare
734 3045 824 3076 levare
846 3045 880 3076 &
902 3044 1053 3084 colligere,
1071 3044 1235 3084 affignantes
1252 3054 1327 3084 prae-

250 3081 349 3123 fatum
367 3083 606 3124 Eleemofinarium
630 3084 747 3124 nestrum
763 3107 772 3123 ‚
801 3083 981 3122 Deputatutn
1005 3083 1086 3114 suum
1107 3094 1141 3114 ac
1167 3083 1328 3122 Deputatos

256 3123 337 3161 suos,
355 3123 391 3153 ad
412 3123 615 3163 inquirendum
628 3123 664 3154 de
685 3132 814 3161 tempore
828 3124 858 3152 in
881 3131 1013 3160 tempu5‚
1032 3122 1082 3152 viis
1106 3124 1139 3154 ὃς
1154 3123 1250 3154 modis
1264 3125 1326 3161 qui-

259 3161 312 3191 bus
336 3161 438 3192 melius
459 3162 528 3193 scire
549 3163 652 3200 poterit
677 3162 733 3193 five
757 3162 896 3199 poterint,
915 3161 951 3191 de
971 3160 1132 3196 hujusmodi
1161 3160 1245 3192 Bonis
1266 3161 1324 3193 Ca-

257 3199 329 3230 tallis
344 3200 378 3230 &
403 3197 517 3231 Debitis
530 3201 671 3231 Felonum
684 3201 721 3231 de
732 3200 778 3238 se,
795 3201 829 3231 &
852 3199 1035 3236 Deodandis,
1053 3209 1086 3230 ac
1102 3199 1136 3229 ad
1153 3199 1254 3230 eadem
1273 3201 1325 3231 sei-

258 3238 388 3269 siendum
405 3239 578 3276 capiendum
593 3238 819 3276 recuperandum
841 3238 874 3269 ὃς
896 3238 1067 3276 levandum,
1085 3247 1135 3275 per
1152 3239 1178 3268 se
1192 3238 1249 3269 sive
1264 3239 1325 3270 De-

258 3285 370 3317 putatos
382 3276 446 3307 suos
459 3276 646 3316 sufficientes,
668 3278 845 3315 ubicumque
866 3276 937 3308 infra
955 3276 1093 3315 Regnum
1117 3276 1246 3307 nostrum
1263 3280 1326 3308 An-

256 3316 324 3354 gliae
343 3316 534 3355 praedictum,
552 3327 586 3348 ac
613 3316 749 3347 Walliam
771 3314 939 3356 praedffiam
961 3315 993 3346 ὅτ
1017 3314 1160 3346 Marchias
1183 3316 1325 3356 ejusdem,

255 3355 359 3385 fuerint
378 3355 507 3393 inventa,
525 3363 583 3385 tam
604 3355 675 3385 infra
699 3355 857 3385 Libertates
877 3356 962 3392 quam
985 3362 1077 3391 extra,
1095 3355 1128 3385 ὃς
1147 3353 1202 3393 ipsa
1225 3355 1263 3385 (ιε
1285 3355 1324 3386 le-

255 3402 320 3424 vata
340 3402 504 3431 recuperata
520 3394 554 3425 ὅ(
571 3394 710 3433 εοΠεέὶᾱ,
730 3403 779 3431 per
790 3393 817 3424 se
832 3393 881 3422 ubi
897 3393 997 3422 melius
1011 3392 1167 3435 videbitur,
1183 3403 1235 3432 pro
1254 3393 1324 3423 No-

256 3432 300 3462 bis
318 3431 524 3462 Eleemosmam
546 3431 792 3471 distribuendum,
811 3430 913 3470 absque
935 3430 1089 3468 compoto
1112 3433 1167 3462 live
1190 3431 1324 3463 Ratioci-

256 3471 308 3500 nio
325 3470 389 3501 inde
411 3470 511 3501 Nobis
532 3470 678 3501 reddendo
702 3471 748 3502 vel
773 3470 905 3501 faciendo
918 3480 968 3508 per
986 3469 1154 3507 Praesentes,

297 3507 467 3539 Mandantes
496 3510 530 3541 &
554 3510 748 3547 praecipientes
771 3509 904 3540 universis
929 3510 963 3540 &
986 3508 1099 3547 singulis
1130 3508 1324 3541 Vicecomiti-

259 3547 314 3577 bus
332 3546 490 3585 Majoribus
507 3547 737 3578 Coronatoribus
757 3547 867 3579 Ballivis
887 3548 920 3579 &
943 3546 1181 3584 Constabulariis,
1200 3558 1232 3578 ac
1256 3559 1324 3580 om-

257 3586 340 3616 nibus
358 3587 416 3616 aliis
435 3585 591 3617 Officiariis
616 3587 650 3617 &
677 3585 816 3617 Ministris
842 3585 965 3624 nostris,
990 3595 1049 3617 tam
1078 3585 1149 3616 infra
1169 3586 1322 3619 Libertates

257 3634 347 3662 quam
364 3632 455 3663 extra,
473 3626 507 3657 δε
520 3634 622 3656 eorum
637 3625 754 3656 cuilibet
766 3625 886 3655 Tenore
905 3625 1088 3655 Praesentium
1105 3624 1184 3669 quod
1203 3626 1324 3663 praefato

216 3693 218 3695 ,
258 3661 465 3703 Eleemofinario
486 3663 574 3704 nostro
592 3674 626 3694 ac
651 3663 800 3702 Deputatis
819 3664 852 3695 &
873 3662 1063 3694 Servientibus
1081 3662 1149 3701 suis,
1168 3674 1198 3693 in
1220 3674 1323 3696 execu-

257 3701 346 3736 tione·
366 3703 582 3735 Praemifforum
610 3702 802 3741 supportantes
827 3702 879 3733 sint
900 3702 1080 3734 intendentes
1102 3702 1264 3735 auxiliantes
1287 3705 1322 3736 δε

259 3738 441 3773 defendentes
458 3741 508 3772 sub
528 3741 661 3772 Periculo
678 3741 758 3782 quod
774 3741 929 3772 incumbit.

299 3775 428 3817 Incujus
441 3782 498 3819 rei,
516 3781 578 3812 δίε.
646 3784 647 3787 ’

297 3852 389 3886 Teste
408 3855 526 3896 Regina
543 3858 620 3899 apud
639 3857 828 3898 Gorhambury
846 3857 984 3889 vicesimo
1000 3856 1047 3888 die
1065 3856 1178 3896 Aprilis.¹

736 3938 789 3968 Per
805 3939 898 3968 Breve
911 3935 944 3967 de
958 3936 1079 3967 Privato
1091 3933 1194 3975 Sigillo.

1392 177 1423 218 P
1462 180 1507 220 U
1548 180 1581 221 B
1619 180 1653 221 L
1698 182 1719 223 Ῑ
1755 183 1793 225 C
1820 184 1871 226 A}
2383 187 2460 236 167

2173 307 2451 315 *dam
2473 265 2541 297 Ann

2506 315 2517 335 1

1655 360 1704 391 De
1727 356 1916 401 Restitutione
1938 358 2171 406 Temporalinm.
2476 314 2542 409 ¹82³}

1390 442 1442 498 R
1455 444 1566 484 Ergina,
1588 446 1731 478 Escaetori
1749 447 1799 477 suo
1816 448 1845 477 in
1866 447 2018 479 Comitatu
2033 448 2166 485 Kantiae,
2184 449 2320 481 Salutem.
2471 422 2542 484 {sita

1483 485 1607 516 Vacante
1626 496 1715 524 nuper
1733 485 1988 523 Archiepiscopatu
2008 486 2218 526 Cantuarienli‚
2238 499 2286 526 per
2315 487 2446 518 Mortem
2476 505 2542 525 10.n

1386 523 1564 592 Eatiilralemc
1571 524 1912 594 [ffliffialfflgjhiepismpi‘
1927 525 2032 593 igigem
2036 548 2069 592 131
2087 528 2211 568 Decfanus
2222 525 2271 595 ff&
2293 527 2447 573 θαρίζιιίιιφη

1388 572 1661 639 ήξὲῧὲοωέῃέἷ
1684 571 1962 645 ἓενὲῗὲἓὲἷὶῃῖἑῗιὲ
1986 573 2018 630 1:3³
2036 573 2449 645 0155‘33233.53.?e322521

1385 639 1449 668 dum
1464 638 1583 706 Ebirum
1599 639 1849 680 Archiepifiopum,
1882 650 1915 670 m
1930 649 2029 672 eorum
2048 639 2305 681 Archicpiscopum
2324 645 2357 675 &
2383 643 2448 674 Pas-

1385 685 1479 707 torem
1497 687 1512 707 e
1523 687 1539 706 e
1561 686 1651 709 erunt.

1428 716 1486 746 Cui
1506 687 1621 753 quidem
1644 717 1787 748 Eleffioni
1804 718 1837 748 &
1859 717 1990 748 Personae
2013 716 2051 748 fic
2067 716 2181 756 eleetae,
2202 718 2331 755 Regium
2348 719 2450 749 Affen-

1384 753 1445 785 sum
1468 754 1599 784 nostrum
1621 755 1804 786 adhibuimus
1826 756 1858 786 &
1882 755 2030 793 favorem,
2049 755 2185 794 ipsiusque
2199 757 2373 787 Fidelitatem
2394 767 2447 787 no-

1385 793 1428 836 bis
1442 793 1569 824 debitam
1584 802 1638 837 pro
1652 793 1733 837 didio
1745 793 1998 832 Archiepiscopatu
2007 795 2176 831 ‘accepimus
2186 816 2195 832 ‚
2213 805 2246 825 ac
2263 796 2448 834 Temporalia

1382 832 1510 868 ejusdem
1539 831 1810 869 Archtepiscopatfis
1845 836 1853 865 s
1870 834 1994 870 exceptis
2022 833 2157 863 omnibus
2188 833 2325 864 Maneriis
2350 835 2448 866 Terris

1382 869 1572 912 Tenementis
1583 871 1617 901 &
1631 870 1880 901 Haereditamentis
1895 881 1964 901 cum
1981 871 2158 901 Pertinentiis
2172 871 2311 912 praedisto
2325 873 2447 905 Archie-

1381 908 1539 946 pilcopatui
1552 907 1663 939 dudum
1680 908 1870 946 speetantibus
1890 909 1922 939 ὃς
1936 911 2156 947 pertinentibus,
2182 910 2273 940 modo
2296 911 2325 940 in
2341 911 2450 943 Manus

1380 946 1501 985 nostras,
1520 949 1623 984 vigore
1638 947 1782 986 cujusdam
1800 947 1911 985 Aetas,
1931 948 2018 977 Anno
2033 947 2126 986 Regni
2144 948 2233 978 nostri
2250 949 2362 987 primo,
2381 951 2448 982 inde

1379 985 1863 1061 igszsssizizazsszssfbfissffif
1879 987 2050 1055 Jstffiffiffzz
2066 987 2326 1057 Ἓῗρῗὲςίῗζῗέἔῗο
2348 988 2446 1020 ⁰⁰st¹⁰

1426 1062 1464 1093 Et
1485 1063 1552 1093 ideo
1579 1063 1631 1093 tibi
1659 1064 1841 1101 praecipimus
1863 1063 1943 1100 quod
1959 1034 2091 1102 praefatop
2106 1061 2201 1093 Eleclo
2216 1086 2225 1101 ‚
2260 1050 2445 1105 Te’mporalia

1380 1101 1516 1138 praedieta
1539 1111 1606 1132 curn
1649 1103 1802 1132 ertinentiis
1829 1102 1972 1142 (exceptis
1995 1103 2195 1142 praeexceptis)
2212 1103 2241 1131 in
2262 1102 2363 1134 Balliva
2384 1114 2448 1144 tua,

1381 1150 1397 1169 a
1414 1140 1499 1170 Festo
1514 1140 1611 1170 Saneti
1627 1111 1780 1183 Kslichaelis
1801 1140 1976 1179 Archangeli
1997 1140 2102 1171 ultimo
2119 1141 2263 1178 praeterito
2277 1145 2446 1178 provenien-

1381 1179 1419 1208 tia
1436 1179 1492 1209 five
1513 1179 1683 1217 crescentia,
1700 1182 1757 1209 {ine
1774 1178 1909 1210 dilatione
1929 1179 2063 1210 Liberes:

1420 1217 1507 1248 Salvo
1523 1218 1585 1255 jure
1603 1218 1760 1255 cujussibet.

1435 1292 1526 1325 Teste
1541 1294 1656 1333 Regina
1676 1294 1750 1333 apud
1769 1294 1974 1335 Gorhambury,
1992 1294 2129 1326 vicefimo
2148 1296 2232 1325 tertio
2246 1295 2292 1326 die
2307 1296 2421 1335 Aprilis.

1866 1375 1921 1403 Per
1940 1375 2034 1402 Breve
2049 1372 2081 1402 de
2094 1374 2215 1402 Privato
2232 1373 2333 1411 Sigillo.

1380 1447 1550 1479 Confimilia
1572 1448 1672 1480 Brevia
1699 1449 1860 1489 diriguntur
1883 1449 2082 1481 Escaetoribus
2111 1449 2268 1489 subscriptis
2293 1450 2345 1482 sub
2372 1450 2445 1484 Data

1418 1487 1572 1526 praedffla,
1587 1489 1737 1527 videlicet,

1418 1564 1558 1603 Esbaetori
1570 1564 1622 1605 fico
1643 1570 1673 1596 in
1689 1569 1762 1596 Com.
1772 1566 1864 1596 Mdd.

1418 1604 1560 1642 Escaetori
1576 1603 1628 1644 fico
1648 1608 1764 1638 iniCom.
1780 1608 1855 1635 Surr.
1874 1604 1912 1640 &
1929 1604 2030 1644 Suffex.

1416 1642 1559 1681 Escaetori
1574 1643 1625 1682 fico
1647 1648 1674 1673 in
1691 1648 1763 1673 Com.
1779 1647 1870 1673 Oxon.
1891 1643 1928 1678 ὠ·
1944 1644 2028 1673 Berk.

1415 1682 1555 1720 Escaetori
1571 1682 1624 1722 sim
1642 1686 1671 1712 in
1687 1686 1759 1712 Com.
1777 1682 1907 1712 Eburum.

1417 1720 1561 1758 Efiaetori
1570 1721 1622 1761 βο
1640 1725 1670 1750 in
1688 1725 1760 1752 Com.
1780 1722 1865 1751 Buck.

1415 1759 1557 1796 Est-aeteri
1567 1761 1618 1799 fico
1638 1763 1666 1789 in
1685 1764 1757 1789 Com.
1773 1759 1857 1798 Effix
1876 1758 1914 1793 ό*
1938 1758 2036 1798 Hertf.

1414 1798 1559 1836 Efi'aetori
1573 1800 1619 1836 suo
1641 1801 1670 1827 in
1692 1802 1763 1827 Com.
1783 1797 1876 1836 Norffi
1891 1796 1928 1831 &⁴
1944 1797 2010 1834 Suff.

1414 1835 1582 1866 cancellario
1599 1835 1694 1875 simin
1716 1838 1854 1866 comitatu
1876 1835 2006 1865 Palatino
2027 1836 2207 1874 Lancastriae.

1416 1874 1524 1904 Dilec‘i'o
1547 1875 1585 1910 (ῤ’
1599 1874 1681 1916 fideli
1696 1874 1746 1913 βω
1762 1875 1916 1904 Ambrolio
1933 1874 1967 1903 N
1970 1874 2075 1904 icholas
2095 1875 2184 1905 Msl1ti
2204 1877 2312 1915 Majori
2334 1881 2443 1909 Civita-

1376 1915 1413 1941 tis
1433 1912 1487 1949 βιῶ
1504 1914 1627 1943 London.
1646 1924 1677 1942 ac
1693 1913 1833 1952 Escaetori
1848 1912 1899 1951 fiffl
1919 1916 1947 1941 in
1965 1913 2057 1941 eadem
2072 1918 2206 1944 civitate.

1374 1989 1396 2018 d
1414 1951 1523 1980 Dileffo
1529 1952 1584 1992 fibi
1608 1952 1716 1990 Majori
1735 1955 1869 1982 Civitatis
1883 1950 1944 1990 ficae
1959 1955 2043 1981 Cant.
2065 1963 2096 1981 ac
2120 1955 2260 1990 EJraetori
2282 1953 2329 1993 fito
2351 1958 2381 1985 in
2396 1968 2443 1986 ea·

1394 2001 1434 2019 em
1455 1993 1590 2021 Civitate.

1410 2070 1451 2102 Et
1472 2071 1634 2102 mandatum
1654 2071 1696 2101 est
1721 2071 1882 2108 Militibus,
1908 2070 2002 2101 liberis
2026 2070 2205 2102 Hominibus
2221 2095 2230 2110 ‚
2254 2074 2287 2104 &
2309 2076 2443 2106 omnibus

1373 2109 1432 2139 aliis
1450 2110 1633 2141 Tenentibus
1655 2111 1691 2140 de
1713 2109 1963 2147 Archiepiscopatu
1985 2111 2139 2149 praedicto,
2175 2111 2256 2148 quod
2282 2113 2375 2145 eidem
2399 2117 2443 2144 Ε-

1371 2148 1438 2178 Ιεέῖο
1456 2172 1465 2188 ,
1482 2158 1616 2189 tanquam
1635 2149 1862 2187 Archiepiscopo
1884 2149 1917 2179 ὃ(
1939 2148 2074 2178 Domino
2098 2150 2164 2188 suo,
2181 2152 2210 2180 in
2225 2152 2358 2183 omnibus
2378 2163 2443 2192 quae

1372 2187 1407 2217 ad
1420 2187 1705 2226 Archiepiscopatum
1727 2188 1897 2225 praedicizum
1920 2188 2079 2226 pertinent,
2095 2188 2267 2222 intendentes
2284 2192 2335 2222 sint
2349 2192 2383 2222 &
2398 2202 2442 2222 re-

1372 2226 1538 2265 spondentes
1554 2236 1637 2265 prout
1652 2227 1744 2257 decet.

1409 2264 1444 2295 In
1460 2267 1536 2304 cujus
1556 2268 1614 2304 rei,
1633 2266 1694 2296 &c.

1444 2342 1533 2373 Teste
1550 2352 1579 2374 ut
1593 2343 1682 2382 supra.

1619 2471 1679 2501 Pro
1713 2469 1848 2502 Servitia
1868 2471 1900 2500 in
1925 2468 2006 2500 Arte
2031 2469 2162 2512 Adnsica.
2464 2473 2480 2490 ·
2501 2475 2542 2502 X&

2462 2517 2542 2581 2553:

1371 2553 1527 2611 REgina
1541 2554 1677 2584 omnibus
1694 2553 1729 2583 ad
1744 2563 1832 2591 quos,
1849 2553 1912 2584 &c.
1931 2553 2070 2584 Salutem.

1468 2594 1571 2624 Sciatis
1585 2593 1664 2631 quod
1688 2591 1775 2630 Nos,
1800 2591 1835 2621 de
1856 2591 1958 2622 Gratia
1980 2592 2077 2622 nostra
2097 2592 2229 2632 speciali,
2246 2604 2280 2625 ac
2302 2604 2336 2626 ex
2359 2605 2436 2629 certa

1368 2630 1492 2662 Scientia
1509 2632 1541 2662 &
1559 2641 1640 2661 mero
1663 2630 1753 2661 Motu
1776 2629 1878 2660 nostris
1893 2653 1903 2667 ‚
1921 2640 2037 2661 necnon
2058 2632 2087 2661 in
2110 2632 2334 2664 consideratione
2365 2636 2435 2666 boni

1369 2671 1402 2700 ὃς
1423 2669 1510 2701 fidelis
1533 2670 1646 2701 Servitii
1663 2670 1740 2707 quod
1760 2669 1920 2698 Edwardus
1943 2669 2063 2708 Baffizno
2085 2671 2113 2700 in
2140 2670 2263 2703 Scientia
2283 2673 2339 2704 five
2364 2674 2436 2705 Arte

1369 2707 1483 2777 Musiga
1502 2710 1586 2739 nobis
1605 2709 1722 2739 antehac
1745 2707 1902 2746 impendit,
1922 2708 1955 2739 &
1974 2710 2090 2740 durante
2115 2708 2183 2739 Vita
2205 2709 2249 2741 suci
2269 2711 2436 2749 impendere

1368 2756 1445 2778 mten
1467 2756 1504 2785 it,

1405 2785 1551 2816 Dedimus
1569 2787 1602 2817 &
1625 2785 1834 2822 concessimus,
1852 2795 1885 2815 ac
1910 2795 1958 2823 per
1983 2784 2148 2824 Praesentes,
2169 2796 2222 2824 pro
2243 2786 2345 2819 Nobis
2364 2788 2438 2821 Hae-

1368 2824 1480 2855 redibus
1506 2826 1540 2856 &
1561 2824 1777 2855 Successor-ibus
1799 2823 1900 2854 nostris
1914 2847 1924 2862 ,
1949 2823 2048 2854 damus
2077 2825 2111 2855 &
2134 2825 2322 2856 concedimus
2343 2829 2438 2860 eidem

1366 2863 1510 2893 Edwardo
1527 2886 1536 2901 ‚
1564 2863 1689 2895 Vadium
1710 2863 1765 2893 sive
1789 2862 1921 2893 Feodum
1943 2864 2046 2899 Viginti
2068 2865 2254 2893 Denariorum
2279 2873 2327 2903 per
2353 2870 2436 2897 Diem

1366 2901 1458 2940 legalis
1490 2901 1624 2932 Monetae
1651 2901 1760 2940 Angliae
1777 2924 1788 2939 ,
1815 2909 1899 2938 prout
1923 2904 2066 2930 Antonius
2096 2900 2215 2940 Baffiino
2231 2925 2241 2941 ,
2264 2903 2348 2935 Pater
2367 2906 2437 2938 dieti

1367 2940 1506 2970 Edwardi
1525 2941 1619 2971 modo
1638 2939 1804 2977 deffincfitus,
1823 2949 1912 2978 nuper
1935 2940 2050 2978 habuit,

1402 2978 1578 3009 Habendum
1607 2979 1641 3010 &
1669 2979 1816 3009 annuatim
1840 2977 2058 3016 percipiendum
2082 2977 2196 3008 didium
2226 2978 2350 3012 Vadium
2380 2983 2436 3015 five

1366 3017 1497 3048 Feodum
1514 3020 1616 3055 Viginti
1635 3019 1820 3046 Denariorum
1837 3024 1887 3054 per
1903 3019 1985 3045 Diem
2001 3015 2119 3054 praefato
2140 3017 2284 3048 Edwardo
2301 3021 2433 3060 Baffimo,

1365 3056 1482 3087 durante
1499 3055 1565 3087 Vita
1578 3055 1626 3086 su&⁴
1648 3056 1782 3093 naturali,
1801 3055 1837 3085 de
1853 3054 2001 3084 Thesauro
2016 3054 2116 3085 nostro
2135 3054 2295 3087 Haeredum
2312 3060 2345 3089 δε
2360 3060 2433 3091 Suc-

1365 3096 1507 3125 cessorum
1530 3093 1691 3125 nostrorum
1713 3093 1748 3124 ad
1767 3093 1931 3132 Receptam
1954 3092 2097 3123 Scaccarii
2112 3093 2201 3123 nostri
2216 3095 2343 3127 Westm.
2360 3098 2431 3129 Hae-

1365 3133 1466 3164 redum
1487 3134 1519 3164 ὃς
1534 3133 1739 3163 Successorum
1754 3131 1939 3169 nostrorum,
1953 3140 2004 3168 per
2018 3130 2309 3164 ManusThesaurarii
2324 3137 2356 3166 ἃ
2371 3137 2431 3169 Ca-

1367 3173 1556 3202 merariorum
1586 3170 1748 3201 nostrorum
1779 3169 1940 3200 Haeredum
1969 3170 2003 3200 &
2029 3169 2233 3202 Successorum
2266 3173 2430 3206 nostrorum

1364 3210 1473 3241 ibidem
1498 3221 1551 3248 pro
1572 3218 1703 3247 tempore
1723 3208 1918 3245 existentium,
1937 3209 1953 3238 a
1974 3207 2057 3238 Festo
2081 3208 2179 3240 Sansti
2204 3210 2354 3242 Michaelis
2373 3215 2429 3244 Ar-

1364 3249 1495 3288 changeli
1518 3249 1622 3280 ultimo
1644 3249 1784 3286 praeterito
1801 3256 1866 3278 ante
1892 3247 2000 3277 Datam
2021 3246 2228 3287 Praesentium,
2253 3249 2287 3279 ad
2309 3261 2428 3288 quatuor

1366 3289 1443 3318 Anni
1459 3288 1614 3318 Terminos
1636 3296 1686 3323 per
1708 3286 1827 3324 aequales
1847 3285 1997 3316 Portiones
2019 3286 2206 3323 solvendam,
2224 3288 2372 3326 videlicet,
2392 3291 2427 3322 ad

1364 3326 1444 3357 Festa
1477 3326 1589 3357 Natalis
1615 3324 1763 3362 Domini,
1787 3325 2026 3355 Annunciationis
2047 3323 2140 3354 Beatae
2162 3325 2265 3356 Mariae
2290 3327 2429 3367 VirginiS‚

1365 3364 1533 3434 igativitlatis
1555 3364 1656 3395 Sanffi
1674 3363 1814 3401 johannis
1842 3362 1973 3400 Baptistae
1987 3385 1997 3400 ,
2025 3364 2058 3394 &
2081 3362 2177 3395 SanCti
2199 3365 2351 3398 Michaelis
2373 3367 2430 3399 Ax-

1362 3415 1380 3436 c
1402 3414 1435 3434 an
1459 3414 1474 3434 e
1488 3413 1511 3432 ιε

1399 3414 1542 3480 Eogquod
1555 3440 1680 3479 expressa
1695 3441 1821 3478 mentio²
1839 3441 1901 3472 &c.

1400 3480 1436 3512 In
1452 3481 1533 3518 cujus
1551 3481 1605 3519 rei,
1623 3480 1685 3511 &c.

2484 2599 2542 2628 157=

2462 2632 2517 2656 Pae.
2534 2641 2541 2656 1

2461 2667 2542 2705 Elizff

2463 2717 2497 2735 m.
2509 2716 2539 2734 21

1398 3557 1489 3590 Teste
1507 3556 1621 3597 Regina
1636 3556 1711 3595 apud
1728 3555 1916 3596 Gorhambury
1933 3555 2071 3587 vicefimo
2084 3555 2203 3594 septimo
2219 3556 2266 3587 die
2280 3557 2397 3596 Aprilis.·

1859 3634 1913 3663 Per
1928 3636 2023 3663 Breve
2033 3632 2066 3663 de
2081 3635 2201 3663 Privato
2218 3632 2318 3671 Sigillo.

1567 3769 1695 3804 Scedula
1719 3768 1879 3817 Jocalium
1903 3771 1940 3807 (ῥ’
1967 3769 2193 3814 Descriptiones.

1416 3855 1577 3894 Lizabeth‚
1595 3857 1616 3886 b
1657 3855 1706 3886 the
1730 3855 1828 3886 Grace
1850 3853 1887 3884 of
1906 3853 1997 3894 God²
2015 3853 2076 3889 &c.
2096 3862 2128 3885 to
2148 3854 2183 3885 all
2200 3854 2274 3887 Men
2290 3864 2322 3887 to
2337 3857 2424 3890 who-
2445 3851 2542 3921 Ann.6]

1400 3893 1581 3972 Wnllieer’effbgir
1596 3903 1780 3965 anreAtgiggof
1795 3931 1963 3976 Parliament
1980 3930 2068 3978 made·
2079 3932 2108 3961 in
2128 3931 2176 3962 the
2195 3931 2257 3963 Parl
2276 3943 2370 3965 ament
2384 3936 2421 3976 by
2441 3900 2535 3968 lbi-{Z-

1362 3974 1554 4011 Prorogation
1578 3971 1685 4002 holden
1704 3981 1731 4003 at
1757 3969 1961 4001 Westmmster
1979 3969 2025 3999 the
2045 3968 2118 4007 exght
2146 3973 2211 4011 Day
2233 3983 2247 4001 o
2284 3973 2420 4012 February
2442 3980 2478 3998 m.
2495 3974 2542 4000 26.

1363 4012 1414 4044 last
1437 4011 1496 4052 past
1533 4010 1589 4041 and
1605 4010 1682 4042 there
1701 4009 1864 4050 contynued
1883 4008 1970 4048 untyll
1988 4009 2035 4039 the
2050 4007 2180 4048 fifteenth
2195 4013 2260 4050 Day
2275 4010 2311 4049 of
2318 4013 2421 4044 March

1364 4061 1449 4083 nowe
1467 4052 1522 4080 alo
1540 4048 1590 4079 last
1609 4049 1684 4087 past,
1703 4052 1723 4079 it
1740 4058 1796 4080 was
1815 4047 1966 4087 amongest
1983 4047 2066 4078 other
2084 4048 2194 4088 thinges
2211 4049 2349 4087 enasted,

1399 4089 1480 4122 That
1499 4097 1540 4119 no
1558 4087 1750 4131 Goldsmythe
1766 4110 1776 4127 ,
1795 4086 1874 4118 from
1889 4087 1937 4119 the
1957 4086 2098 4120 twenteth
2120 4090 2185 4127 Day
2204 4086 2240 4125 ‘ff
2250 4086 2338 4126 April
2355 4088 2423 4121 then

2355 4137 2421 4162 next
