2542 4274
130 145 208 172 202

0 223 57 244 mn.
69 213 112 243 D.
163 212 266 249 Quum
284 221 316 242 ea
336 210 367 240 fit
385 218 444 252 non
465 206 559 238 solum
577 205 747 237 Christianae
766 204 953 244 Religionis,
970 203 1033 235 ὅτε.
1048 242 1053 248 .

125 288 134 318 ]
162 250 315 317 ΝΝΜΝΝ]
334 247 489 315 ΝΝΜΝ
684 238 1194 313 ΝΝΝΜΝ

0 297 45 321 [Μ’
67 292 95 319 8.
130 297 306 356 tcibgiamaaregu
317 284 907 361 giu{mnaffgiegasggzeoruzaggt}0;ryeyl{zey
921 317 1048 350 Lincoln.
1064 320 1141 347 Dioc.
1159 315 1192 346 &

131 364 253 404 ejusdem
269 364 393 403 Collegii
408 366 492 402 Socii,
511 372 573 394 uno
588 362 667 400 Ore,
684 364 746 394 &c.
778 399 783 404 ¹
1174 392 1180 397 ,

166 403 199 433 ln
222 403 303 440 cuius
325 404 365 433 rei
387 401 610 432 Testimonium
630 402 697 431 huic
722 400 837 443 Scripto
848 395 946 427 nostro
963 394 1135 439 Commune
1151 391 1197 422 Si-

128 442 231 479 gillum
252 441 381 472 nostrum
400 441 602 479 appendimus,
620 441 653 472 &
676 438 807 470 Nomina
826 434 922 466 nostra
944 443 1058 472 propria
1081 431 1199 472 qmsque

130 480 223 511 Manu
237 479 456 519 subscripsimus.

169 558 239 589 Dat.
267 560 296 589 in
322 561 408 588 Domo
431 568 464 588 no
489 567 522 587 ra
545 555 678 594 praedioia
696 551 844 583 vicesimo
863 549 985 589 septimo
1005 549 1064 580 Die
1087 546 1199 590 Mensis

16 602 98 629 XIV.
132 596 271 637 Augusti,
286 597 306 618 ²*
328 598 418 628 Anno
442 556 568 627 lssmfini
592 592 750 625 Millesimo
775 588 1019 629 Qiingentesirno
1033 588 1198 620 Triceiimo

8 649 49 669 10.
132 645 244 675 quarto.

165 716 310 756 Johannes
329 714 428 755 Ruffell
443 714 620 745 Antedic‘lus.

169 755 283 786 Thomas
300 757 391 795 Byrd,
407 753 466 789 &a
488 763 533 782 11.

712 787 799 827 Sigill.
814 788 846 819 de
863 791 932 818 cera
947 786 1037 817 rubea.

170 871 275 911 Quum
293 880 323 901 ea
343 870 374 900 sit
395 878 452 898 non
471 867 562 899 solum
579 864 749 898 Christianae
764 865 938 904 Religionis,
957 863 1018 894 &c-

169 911 318 941 Noverint
341 907 495 946 Universi,
514 908 573 938 &0
595 905 674 944 quod
702 905 771 937 Nos
791 903 908 935 Thomas
922 905 1001 932 Prior
1016 899 1054 935 &⁶
1071 902 1196 943 Conven-

131 957 175 981 tus
199 947 358 988 Monasterii
371 949 475 1015 ἔειπε
497 948 599 975 Mariae
614 945 759 984 Sanblique
780 941 909 972 Nicholai
922 941 955 970 de
970 938 1102 979 Spaldyng
1121 939 1198 967 Dm.

132 986 255 1019 Lincola.
293 995 353 1016 uno
406 995 434 1016 re
470 985 530 1015 &c.

166 1026 201 1056 In
223 1009 301 1061 cuius
317 1025 356 1054 rei
375 1008 591 1054 Testimonium
608 1022 746 1060 Sigillum
760 1018 930 1050 Monasterii
944 1016 1035 1048 nostri
1050 1014 1200 1046 Commu-

127 1075 165 1096 ne
179 1064 305 1100 praedicti
322 1062 502 1100 praesentibus
515 1060 704 1099 apposuimus.
1177 1092 1183 1097 ὓ

166 1103 277 1133 Datum
300 1103 328 1131 in
351 1104 437 1131 Domo
460 1099 550 1139 nostra
572 1099 723 1138 Capitulari
738 1094 959 1139 praediCiaqapud
978 1093 1120 1139 Spaldyng
1132 1092 1200 1135 ulti-

128 1152 180 1173 mo
203 1141 262 1172 Die
286 1139 394 1172 Mensis
411 1139 500 1178 Julii,
520 1139 608 1170 Anno
634 1137 759 1169 Domini
778 1135 936 1166 Millelimo
954 1133 1197 1177 Quingenteiimo

128 1180 290 1211 Tricesimo
313 1187 432 1217 quarm,
453 1179 486 1208 &
510 1177 598 1208 Anno
619 1175 747 1216 praedie‘ri
767 1174 1013 1210 Henriciooiavi,
1030 1169 1144 1208 Angltae
1158 1168 1197 1204 ὠ·

131 1223 252 1250 Franciae
274 1220 352 1255 Regis
376 1217 449 1247 Fidei
469 1214 625 1255 Defensoris
645 1214 683 1251 ὠ·
706 1216 817 1244 Domini
837 1212 979 1243 Hiberniae
991 1211 1024 1241 de
1038 1207 1200 1249 Conquesto,

134 1258 281 1298 Vigeiimo
296 1258 382 1287 sexto.

171 1335 319 1365 Dominus
336 1333 448 1362 Thomas
466 1329 593 1369 Spalding
613 1330 704 1361 Prior.

170 1374 301 1403 Robertus
321 1370 474 1405 Pynchobek
492 1369 641 1407 Subprior.

169 1411 317 1449 Johannes
335 1410 431 1447 Bostari
451 1408 553 1439 Senior
572 1407 714 1447 Magister
733 1406 870 1445 Capellae.

167 1449 281 1480 Thomas
293 1447 468 1488 Swynshend,
493 1446 554 1484 &c.
577 1456 623 1484 17.
757 1483 836 1523 &gill
857 1483 890 1514 de
907 1485 977 1514 cera
993 1480 1070 1513 alba·

171 1571 278 1610 Quum
294 1581 326 1601 ea
342 1569 372 1599 fit
387 1578 449 1599 non
466 1568 559 1599 solum
575 1566 743 1599 Christianae
757 1566 934 1605 Religionis,
953 1565 1015 1597 &c.
1177 1599 1185 1607 .

168 1610 317 1642 Noverint
337 1607 493 1645 Universi,
513 1609 575 1637 ὅδε.
596 1606 676 1644 quod
692 1605 761 1636 Nos
773 1607 853 1635 Prior
868 1603 906 1639 ό
923 1607 1080 1633 Conventus
1096 1603 1201 1630 Domus

126 1650 190 1691 Jive
206 1646 348 1678 Prioratiis
358 1649 453 1676 Sanoii
468 1648 590 1676 Martini
602 1647 681 1674 Novi
693 1647 787 1682 Operis
802 1647 908 1673 Dovor.
946 1651 1004 1672 uno
1020 1640 1100 1678 Ore,
1118 1640 1182 1670 &c.

174 1687 208 1717 In
233 1688 311 1723 cujus
331 1687 368 1715 rei
387 1685 604 1715 Testimonium
619 1683 749 1721 Sigillum
761 1681 893 1713 nostrum
910 1665 1081 1724 Commune
1095 1687 1202 1718 appen-

135 1727 229 1758 dimus
244 1725 277 1755 &
292 1723 386 1755 nostra
400 1723 538 1754 Nomina
551 1723 664 1760 propri-2².
679 1720 793 1760 quisque
810 1719 905 1751 Manu
920 1718 1088 1759 scripsimus.

174 1803 245 1833 Dat.
264 1801 292 1831 in
310 1805 396 1831 Domo
414 1799 502 1840 nostra
518 1798 674 1838 capitulari
1016 1792 1202 1838 Die-Mensis

135 1841 324 1877 Decembris,
348 1841 436 1870 Anno
455 1839 579 1869 Domini
600 1837 756 1867 Millesimo
776 1836 857 1875 Qiin
878 1835 1014 1867 entesimo
1033 1832 1201 1871 Trigesimo

136 1888 253 1921 quarto,
272 1878 367 1917 Regni
381 1888 451 1909 vero
473 1877 562 1917 Regis
583 1879 696 1907 Henrici
711 1876 819 1906 OHavi
871 1875 989 1906 icefimo
1002 1872 1089 1904 sexto.

174 1958 230 1988 Per
251 1965 297 1986 me
314 1954 474 1993 Johannem
490 1953 623 1984 Priorem
641 1952 758 1983 Dovor.

175 1997 231 2029 Per
245 2004 289 2025 me
305 1994 431 2033 Egidium
447 1990 628 2031 Spryngwell,
644 1991 706 2022 &a
728 2001 740 2021 1
750 2000 775 2020 1.

714 2065 800 2105 Sigill.
817 2065 850 2095 de
865 2068 935 2096 Cera
949 2063 1040 2096 rubea.

175 2149 281 2189 Quini
295 2157 327 2179 ea
343 2148 374 2178 sit
389 2156 449 2178 non
463 2145 553 2177 solum
569 2143 741 2176 Christianae
757 2143 936 2183 Religionis,
952 2143 1014 2175 &c.

173 2189 323 2220 Noverint
337 2185 491 2221 Universi,
506 2185 568 2216 &c-
587 2185 668 2222 quod
684 2183 753 2214 Nos
766 2182 866 2214 Abbas
878 2179 916 2216 &¹
929 2184 1085 2211 Conventus
1101 2181 1205 2210 Mona·

136 2228 208 2267 sterii
221 2226 315 2257 SanHi
330 2225 452 2255 Nestam·
467 2224 499 2253 de
516 2223 670 2254 Hartlonde
682 2247 691 2259 ‚
709 2232 770 2252 uno
785 2221 865 2259 Ore,
883 2222 944 2253 &o

176 2266 209 2297 In
229 2267 307 2301 cujus
325 2265 364 2295 rei
384 2262 601 2293 Testimonium
621 2260 751 2307 Sigillum
767 2260 901 2291 nostrum
915 2258 1084 2303 Commune
1098 2265 1205 2297 appen-

138 2306 231 2337 dimus
246 2305 279 2336 &
292 2303 387 2334 nostra
403 2301 538 2332 Nomina
553 2302 668 2340 propria
681 2301 798 2340 quilque
814 2308 901 2329 manu
915 2297 1082 2336 scripsimus.

173 2382 243 2413 Dat.
263 2383 291 2412 in
314 2384 399 2410 Domo
418 2378 508 2447 nlojstra
533 2377 686 2416 Capitulari
702 2376 866 2407 Tricesimo
884 2375 988 2406 Primo
1013 2374 1073 2404 Die
1093 2372 1208 2418 'Mensis

139 2421 288 2459 Augusti,
313 2419 402 2449 Anno
460 2418 550 2460 omini
577 2416 743 2460 ,Millfffimf'
771 2414 1020 2459 'Qingentefimo
1044 2413 1209 2458 Tricesimo

139 2458 375 2529 qiiignssssstoRegm
392 2457 462 2486 vero
482 2454 660 2486 invieuffimi
681 2454 821 2491 Principis
844 2455 958 2482 Henrrcr
978 2452 1085 2482 Otiavi
1100 2449 1209 2482 Vicesi-

180 2574 237 2605 Per
254 2582 299 2603 me
317 2570 475 2611 Johannem
490 2568 569 2608 Prusb
588 2567 733 2600 Abbatem
751 2567 786 2600 de
805 2566 958 2599 Hartlond.

185 2612 242 2643 Per
261 2621 309 2643 me
326 2609 452 2640 :rhomam
471 2609 574 2648 wae,
589 2607 649 2643 &a
665 2616 693 2646 4.

716 2660 801 2700 Sigill.
820 2661 852 2691 de
871 2664 941 2691 Cera
958 2661 1052 2692 rubea.

179 2744 285 2783 Qum
298 2752 330 2774 ea
345 2742 376 2772 sit
393 2752 453 2772 non
465 2741 555 2771 solum
570 2738 740 2770 Christianae
755 2737 918 2775 Religionis
928 2761 937 2776 ,
951 2739 1015 2769 &c-

181 2783 332 2814 Noverint
348 2781 483 2811 Universi
493 2803 502 2817 ,
516 2781 577 2811 &c-
597 2777 690 2816 Quod
704 2776 774 2806 Nos
790 2779 868 2806 Prior
879 2775 918 2812 &
933 2780 1090 2806 Conventus
1106 2778 1209 2806 Domus

139 2823 201 2862 [ωε
216 2824 356 2850 Prior-atus
370 2820 464 2848 Sandii
482 2820 603 2854 Gregorii
617 2818 649 2846 de
660 2814 854 2854 Frethestocke,
872 2825 931 2845 uno
947 2814 1026 2852 Ore,
1043 2816 1103 2846 &c.

183 2859 217 2890 In
242 2860 323 2895 cujus
344 2857 399 2888 Rei
421 2855 639 2887 Testimonium
659 2853 792 2890 Sigillum
805 2852 936 2882 nostrum
951 2852 1122 2883 Commune
1136 2862 1209 2891 prze-

147 2897 266 2928 sentibus
294 2894 479 2934 appendimus
498 2894 531 2924 ὃς
557 2892 651 2923 nostra
676 2891 813 2922 Nomina
835 2891 950 2931 propria
976 2891 1089 2931 quisque
1115 2891 1209 2924 Manu

151 2935 319 2975 scripsimus.

189 3011 301 3042 Datum
320 3011 349 3041 in
363 3013 450 3039 Domo
464 3008 553 3078 'alesia
571 3007 723 3046 capitulari
734 3006 870 3038 Secundo
885 3005 945 3037 Die
961 3006 1067 3039 Mensis
1082 3007 1215 3045 Septem-

154 3052 231 3088 bris,
249 3050 338 3079 Anno
354 3048 478 3078 Domini
535 3047 650 3078 illesimo
665 3045 908 3085 Qiingentesimo
920 3046 1082 3077 Tricefimo
1099 3055 1217 3085 quarto,

157 3090 258 3127 Regni
274 3097 343 3119 vero
360 3086 538 3118 InviCtiffimi
553 3085 693 3124 Principis
707 3087 818 3116 Henrici
833 3085 939 3115 otram·
951 3084 1096 3118 Vicesimo
1108 3086 1193 3116 sexto.

188 3165 337 3196 Dominus
354 3164 468 3194 Thomas
488 3164 558 3191 Parr
576 3161 668 3192 Prior.

190 3204 338 3234 Dominus
355 3204 411 3232 Ric.
433 3201 541 3232 Walter
559 3200 708 3238 Subprior.

192 3243 345 3274 Dominus
359 3239 507 3280 Johannes
518 3243 635 3277 Sturgg,
652 3236 712 3272 &a
734 3247 761 3277 3.

782 3276 866 3314 Sigill.
884 3276 917 3307 de
931 3280 1000 3308 Cera
1015 3278 1106 3308 rubea.

193 3358 297 3397 Quum
310 3367 342 3388 ea
359 3357 391 3387 sit
406 3367 465 3387 non
484 3354 574 3386 solum
596 3353 766 3385 Christianae
784 3353 960 3392 Religionis,
979 3355 1039 3386 ἃς,

193 3396 340 3427 Noverint
355 3394 508 3431 Univerfi,
526 3395 588 3424 δίε.
607 3393 688 3431 quod
708 3392 777 3422 Nos
801 3391 932 3432 Magister
948 3391 986 3427 ὦ·
1008 3396 1076 3424 Socii
1092 3392 1221 3432 Hospita.

160 3433 194 3462 lis
209 3437 302 3464 Sandis*
317 3434 410 3471 Egidii
425 3436 520 3463 Beatae
536 3435 639 3462 Mariae
651 3435 679 3462 in
692 3433 838 3469 Norwico,
857 3433 941 3462 enam
956 3441 1015 3462 uno
1031 3432 1108 3470 Ore,
1125 3434 1186 3463 &a

199 3472 231 3502 ln
248 3473 326 3510 cujus
338 3475 375 3502 rei
395 3471 613 3502 Testimonium
632 3470 700 3500 huic
717 3469 831 3507 Scripto
846 3468 944 3500 nostro
957 3469 1125 3502 Commune
1137 3469 1221 3509 Sigil-

161 3510 372 3552 lumssnostrum
393 3509 578 3548 appendimus
590 3510 623 3541 &
636 3508 730 3540 nostra
745 3507 878 3539 Nomina
892 3509 1006 3548 propria
1021 3509 1139 3548 quisque
1154 3508 1220 3540 Ma-

162 3559 201 3580 nu
223 3549 433 3587 iubscripfimus.

199 3625 268 3656 Dat.
294 3626 322 3656 in
348 3628 434 3655 Domo
459 3626 548 3666 nostra
567 3623 719 3664 capitulari
737 3623 902 3654 Tricesimo
921 3623 982 3654 Die
998 3623 1106 3655 Mensis
1125 3623 1222 3663 Augu-

24 3694 135 3722 „XIW
163 3663 213 3703 sti,
232 3665 319 3695 Anno
334 3664 459 3694 Domini
475 3665 632 3695 Millesimo
648 3663 885 3701 Quingeutesimo
898 3662 1061 3694 Tricefimo
1074 3672 1184 3702 quarto.

24 3742 41 3769 5
49 3742 56 3759 ¹
69 3742 90 3761 ¹·
203 3741 221 3759 '¹‘
232 3740 284 3771 Per
301 3750 347 3771 me
362 3739 490 3769 Thomam
505 3745 588 3779 Cappe
605 3739 777 3779 Magistrum
791 3738 942 3778 Hospitalis
964 3739 1061 3771 Sanffl
1075 3739 1177 3780 Egidii.

206 3777 258 3808 Per
274 3789 320 3809 me
334 3778 477 3808 Robertum
495 3780 632 3818 charron»,
649 3778 710 3815 &a
731 3787 758 3817 5.

750 3815 835 3854 Sigill.
851 3817 883 3847 de
900 3821 969 3848 Cera
988 3817 1082 3848 rubea.

205 3893 353 3937 Qum-ea
369 3896 399 3926 sit
413 3905 473 3926 non
489 3895 581 3926 solum
595 3897 766 3928 Christianse
781 3897 962 3937 Religionis,
977 3898 1040 3930 &a

203 3931 351 3962 Noverint
362 3933 512 3969 Universi,
528 3935 597 3964 &c-l
615 3935 707 3972 Qiod
723 3936 792 3967 Nos
809 3938 887 3965 Prior
900 3936 938 3971 ὠ»
953 3940 1107 3966 Conventus
1122 3937 1225 3965 Domu5

158 3969 221 4009 five
234 3971 373 4011 Prioratus
383 3973 475 4012 sandi
489 3971 575 4000 Olav.¹
589 3974 744 4003 Norwicen.
759 3977 835 4003 Dioc.
850 3984 907 4004 uno
922 3974 1001 4011 Ore,
1023 3977 1084 4006 &c.

199 4008 233 4039 ln
257 4017 336 4044 cujus
361 4017 400 4038 rei
421 4008 634 4040 Testimonium
656 4012 723 4043 huic
740 4011 855 4050 Scripto
871 4012 972 4044 nostro
988 4012 1159 4046 Commune
1177 4010 1222 4043 Si-

606 111 1417 164 coNvENTIONEQ

1169 782 1179 793 ‘
1242 777 1275 808 de
1289 782 1467 823 Brygeswater
1482 780 1604 811 Bathon.

1477 109 1904 163 LITERAE3

1248 198 1327 229 illum
1353 197 1484 228 nostrum
1507 199 1690 238 apposuimus
1712 200 1746 231 &
1769 199 1866 232 nostra
1893 196 2031 231 Nomina
2053 197 2172 239 propri&
2192 196 2310 237 quisque
2335 196 2468 238 Ann.D.j

1294 247 1332 267 nu
1349 235 1569 275 subscripsimus.
2354 245 2441 277 1534.

1275 313 1344 344 Dat.
1364 314 1392 345 in
1415 317 1502 345 D⁰m⁰
1516 314 1614 360 mstm.
1626 316 1781 360 Capitulari
1793 315 1930 356 praedicta
1943 315 2049 347 Tertio
2063 314 2123 346 Die
2139 313 2250 346 Mensis
2266 313 2311 344 Ο-
2330 280 2395 305 Hm·
2413 277 2441 313 δ’

1237 352 1367 430 ἓξὲξ,
1400 352 1490 384 Anno
1517 354 1649 386 Domini
1682 354 1841 386 Millefimo
1872 353 2113 394 Qingentefimo
2144 353 2309 387 Tricefimo

1274 466 1340 506 Ego
1365 468 1531 500 Willielmus
1550 470 1625 501 Dale
1637 470 1729 502 Prior,

1275 506 1342 546 Ego
1357 506 1504 546 Johannes
1520 510 1604 539 Meke
1617 509 1757 550 Subprior
1767 532 1778 548 ,
1795 507 1857 545 &a
1875 517 1905 547 4.

1862 583 1948 624 Sigill.
1967 585 2000 616 de
2017 587 2088 616 Cera
2112 588 2208 619 viridi.

1281 661 1386 701 Qium
1398 673 1431 694 ea
1446 663 1479 695 sit
1494 673 1554 694 non
1570 662 1663 695 solum
1677 661 1848 696 Christianae
1864 662 2040 703 Religionis,
2058 663 2121 695 &c.

1280 701 1431 733 Noverint
1446 702 1602 741 Universi,
1621 705 1682 735 &c.
1703 702 1799 743 Quod
1815 702 1886 733 Nos
1899 701 2047 742 Gervafius
2061 701 2314 742 Markeham,Dei

1241 738 1394 779 Patientia,
1409 743 1489 771 Prior
1511 740 1550 776 ὠ·
1570 745 1727 773 Conventus
1740 740 1893 781 Hospitalis
1905 742 2000 771 Sandis·
2017 740 2162 780 Johannis
2177 743 2310 782 Baptista²

1619 781 1657 817 ὠ·
1673 781 1786 811 Wllen.
1803 783 1881 812 Dioc.
1895 781 1932 811 ab
1946 789 2007 812 uno
2021 779 2100 820 Ore,
2117 780 2180 812 &c.

1279 817 1313 848 In
1334 827 1415 856 cujus
1427 820 1468 850 rei
1485 819 1702 851 Testimonium
1717 820 1747 850 Si
1769 818 1849 849 illum
1862 818 1993 850 nostrum
2007 819 2196 860 appendimus
2209 821 2244 854 &
2258 830 2315 858 noe

1240 855 1294 888 stra
1309 856 1446 888 Nomina
1461 859 1572 897 propria
1584 859 1700 898 quisque
1753 868 1808 889 anu
1821 858 1990 896 scripsimus.

1279 933 1348 965 Dat.
1375 935 1405 965 in
1434 938 1522 965 Domo
1546 935 1637 975 nostra
1655 935 1810 974 Capitulari
1828 934 1960 966 Decimo
1981 935 2103 975 septimo
2124 936 2183 968 Die
2206 935 2315 968 Menfis

1241 972 1433 1012 Septembris,
1448 974 1540 1004 Anno
1559 974 1684 1006 Domini
1706 974 1865 1006 Millefimo
1885 972 2126 1012 Quingentefimo
2145 975 2311 1008 Tricefimo

1240 1021 1339 1051 quarto
1348 1034 1357 1049 ,
1375 1013 1476 1049 Regni
1491 1012 1580 1052 Regis
1594 1017 1708 1045 Henrici
1723 1013 1871 1045 Vicesimo
1883 1011 1972 1045 seXto.

1279 1089 1430 1121 Dominus
1448 1088 1578 1120 Robertus
1594 1090 1698 1129 Walfhe
1716 1089 1814 1121 Prior.

1282 1128 1431 1159 Dominus
1449 1131 1582 1158 Henricus
1598 1131 1666 1168 Pety
1684 1128 1848 1161 Praefidens.

1279 1167 1426 1198 Dominus
1445 1166 1563 1196 Thomas
1577 1170 1683 1208 coqyn‚
1926 1174 1946 1204 Ἰ

1280 1205 1432 1236 Dominus
1442 1204 1591 1236 Richardus
1605 1209 1633 1236 K
1629 1206 1773 1246 ymberyg,
1939 1206 1965 1243 >
1983 1203 2121 1237 Diaconi.

1277 1244 1426 1275 Dominus
1444 1243 1590 1282 Johannes
1609 1244 1718 1284 Goollo,
1735 1242 1798 1279 &a
1815 1248 1848 1283 4:
1929 1245 1951 1275 J

1279 1283 1425 1322 Johannes
1441 1282 1522 1312 Comb
1531 1307 1541 1322 ,
1931 1282 1952 1313 Ἰ

1281 1322 1427 1361 Johannes
1448 1321 1519 1351 Wod
1529 1344 1540 1360 ,
1943 1318 1969 1361 >
1985 1320 2125 1353 Nomcii.

1280 1360 1429 1401 Johannes
1447 1363 1537 1390 More.
1926 1367 1948 1397 J

1798 1436 1920 1476 Sigillum
1937 1436 1970 1466 de
1984 1439 2054 1467 Cera
2068 1437 2162 1468 rubea:

1281 1518 1387 1558 Quum
1399 1528 1431 1550 ea
1444 1519 1476 1550 fit
1490 1529 1551 1550 non
1563 1519 1655 1550 solum
1673 1517 1843 1550 Christianae
1860 1517 2042 1557 Religionis,
2061 1518 2124 1549 &c.

1283 1558 1437 1589 Noverint
1459 1558 1613 1597 Univerfi,
1630 1560 1692 1589 &c.
1711 1558 1793 1594 quod
1809 1556 1879 1587 Nos
1893 1559 1972 1587 Prior
1987 1556 2027 1593 ὠ·
2042 1561 2200 1587 Conventus
2215 1558 2317 1587 Mona-

1234 1595 1313 1637 sterii
1327 1598 1437 1627 Sanllae
1452 1597 1526 1627 Fidis
1543 1599 1694 1627 Norvicen.
1708 1599 1786 1626 Dioc.
1802 1605 1862 1626 uno
1880 1595 1958 1633 Ore,
1975 1597 2038 1627 &c-

1282 1634 1316 1665 In
1332 1636 1415 1672 cujus
1432 1637 1470 1666 rei
1488 1635 1709 1666 Testimonium
1725 1635 1793 1665 huic
1810 1634 1928 1672 Scripto
1939 1633 2040 1664 nostro
2052 1632 2225 1665 Commune
2237 1633 2267 1665 Si
2289 1634 2321 1665 il-

1242 1674 1301 1705 lum
1323 1673 1452 1705 nostrum
1475 1675 1664 1714 appendimus
1685 1674 1719 1705 ὃς
1734 1671 1831 1705 nostra
1846 1673 1982 1704 Nomina
1994 1675 2108 1713 propria
2121 1674 2236 1713 quisque
2306 1690 2319 1697 -

1242 1723 1282 1744 nu
1297 1713 1517 1753 subscripfimus.

1278 1789 1347 1821 Dat.
1366 1791 1396 1821 in
1417 1795 1506 1821 Domo
1529 1790 1620 1828 nostra
1645 1789 1798 1828 capitulari
1820 1787 1951 1819 Decimo
1976 1787 2110 1827 Septimo
2134 1787 2195 1820 Die
2211 1787 2322 1820 Mensis

1243 1828 1364 1867 Augusti
1379 1852 1388 1868 ‚
1416 1830 1505 1860 Anno
1539 1828 1667 1858 Domini
1701 1827 1863 1858 Millesimo
1895 1827 2135 1866 Qingentesimo
2156 1827 2320 1861 Tricefimo

1243 1867 1366 1908 Qiarto.

1278 1943 1334 1973 Per
1347 1951 1393 1972 me
1406 1941 1565 1982 Johannem
1579 1940 1722 1981 Sarisbury
1736 1941 1878 1973 Priorem.

1281 1980 1337 2012 Per
1350 1991 1398 2011 me
1416 1981 1594 2021 Dompnum
1609 1981 1766 2019 Johannem
1782 1984 1947 2019 Attemere,
1963 1980 2024 2016 &a
2041 1988 2069 2020 5.

1788 2057 1911 2095 Sigillum
1925 2057 1958 2088 de
1972 2061 2043 2089 Cera
2057 2057 2153 2089 rubra}

1281 2136 1386 2175 Quum
1401 2145 1432 2167 ea
1449 2135 1481 2166 sit
1494 2145 1555 2166 non
1565 2134 1656 2166 solum
1669 2134 1839 2166 Christianae
1853 2133 2030 2175 Religionis,
2047 2135 2111 2167 &c.

1281 2175 1431 2206 Noverint
1456 2173 1589 2205 Universi
1600 2197 1609 2212 ,
1626 2173 1718 2212 Qiod
1740 2173 1809 2205 Nos
1823 2175 1902 2204 Prior
1916 2177 2021 2205 Domus
2028 2173 2088 2214 five
2101 2176 2249 2205 Prioratus
2263 2178 2317 2206 Ca:

1245 2218 1396 2245 nonii-orum
1418 2214 1450 2243 de
1468 2213 1621 2253 Dunstable
1636 2213 1749 2243 Ordinis
1764 2213 1859 2242 Sanlli
1878 2212 2024 2253 Augustini
2039 2212 2166 2244 Lincoln.
2183 2216 2262 2244 Dioc.
2281 2214 2317 2246 δε

1245 2253 1374 2293 ejusdem
1391 2253 1483 2289 Loci,
1504 2255 1679 2290 Conventus,
1698 2261 1758 2282 uno
1773 2251 1856 2288 Ore,
1875 2252 1937 2281 &c.

1284 2291 1319 2322 In
1335 2292 1416 2329 cujus
1430 2291 1470 2321 rei
1481 2290 1702 2321 Testimonium
1718 2289 1785 2320 huic
1799 2289 1918 2324 Scripto
1933 2289 2032 2320 nostro
2048 2290 2220 2322 Commune
2233 2289 2320 2329 Sigi1-·

1246 2330 1309 2361 lum
1330 2329 1461 2360 nostrum
1476 2329 1664 2367 appendimus
1685 2329 1719 2360 &
1732 2326 1827 2362 nostra
1842 2326 1977 2361 Nomina
1990 2329 2103 2368 propria
2117 2328 2235 2368 quisque
2251 2327 2320 2364 Ma-¹

1249 2379 1288 2400 nu
1302 2367 1519 2406 subscripfimus.

1283 2444 1353 2476 Dat.
1372 2446 1402 2475 in
1420 2448 1506 2474 Domo
1524 2443 1614 2484 nostra
1636 2442 1788 2485 capitulari
1801 2443 1920 2475 decimo
1933 2443 2054 2483 septimo
2067 2443 2129 2475 Die
2144 2442 2253 2474 Menfis
2268 2442 2317 2474 0⁴

1247 2483 1373 2520 eloritis,
1391 2483 1480 2513 Anno
1493 2481 1603 2513 Christi
1625 2479 1785 2524 Millesimo
1802 2482 2042 2521 Qiingenteiimo
2054 2483 2218 2514 Tricesimo
2253 2491 2316 2513 uar-

1246 2520 1433 2591 {ixgo-Regni
1459 2530 1530 2552 vero
1556 2519 1647 2558 Regis
1671 2520 1764 2550 nostri
1786 2523 1901 2551 Henrici
1927 2522 2033 2552 Odiavi
2055 2521 2146 2552 Anno
2167 2521 2225 2554 Vic
2296 2531 2318 2552 o

1285 2635 1431 2667 Dominus
1446 2634 1592 2675 Gervafius
1609 2635 1794 2673 Markehum,
1813 2635 1907 2666 Prion

1288 2675 1438 2706 Dominus
1454 2674 1568 2705 Thomas
1586 2673 1733 2713 Claybroke
1742 2697 1753 2713 ‚
1767 2675 1829 2706 ἃς.
1852 2684 1900 2705 11.

1811 2751 1933 2790 Sigillum
1948 2753 1982 2783 de
1995 2756 2067 2785 Cera
2085 2752 2179 2783 rubea

1283 2829 1389 2868 Qum
1403 2838 1435 2859 ea
1451 2828 1482 2858 iit
1496 2838 1557 2859 non
1570 2827 1660 2859 solum
1677 2827 1848 2860 Christianae
1862 2829 2040 2867 Religionis,
2058 2829 2121 2859 &c.

1284 2867 1433 2898 Noverint
1447 2867 1581 2898 Universi
1595 2889 1605 2904 ,
1630 2868 1692 2898 &c
1729 2868 1821 2906 Qiod
1843 2868 1912 2899 Nos
1933 2867 2033 2898 Abbas
2051 2866 2090 2902 ό·
2106 2870 2263 2898 Conventus
2283 2870 2316 2897 de

1250 2904 1410 2950 Dorchestre
1424 2906 1551 2936 Lincoln.
1564 2909 1640 2935 Dioc.
1659 2916 1718 2937 uno
1734 2907 1813 2944 Ore,
1833 2906 1895 2937 &c.

1288 2944 1322 2975 ln
1346 2954 1425 2982 cujus
1445 2944 1502 2974 Rei
1527 2943 1752 2977 Testimonium
1774 2945 1903 2983 Sigillum
1925 2943 2055 2975 nostrum
2076 2945 2265 2984 appendimus
2282 2945 2319 2977 δε

1251 2983 1347 3014 nostra
1366 2982 1503 3013 Nomina
1518 2985 1634 3022 propria
1648 2984 1762 3024 quisque
1779 2983 1872 3014 Manu
1886 2981 2106 3022 subscripiimus.

1292 3060 1362 3091 Dat.
1388 3061 1418 3090 in
1441 3063 1529 3090 Domo
1550 3060 1641 3100 nostra
1660 3059 1814 3098 Capitulari
1832 3060 1929 3100 primo
1950 3059 2010 3091 Die
2032 3059 2143 3092 Mensis
2165 3059 2326 3099 Odiobris,

1256 3099 1346 3131 Auno
1360 3098 1485 3129 Domini
1500 3098 1660 3130 Milleiimo
1674 3098 1920 3137 Quingentesimo
1931 3098 2095 3130 Tricefimo
2110 3107 2221 3138 quarto.

1293 3177 1444 3207 Dominus
1454 3174 1602 3214 Johannes
1615 3175 1730 3205 Marche
1739 3198 1748 3213 ,
1768 3176 1866 3207 Abbas
1881 3175 2012 3207 Monast.
2027 3175 2166 3207 Dorcest.

1293 3215 1441 3246 Dominus
1457 3213 1571 3244 Thomas
1586 3216 1677 3254 Pyne,
1695 3214 1757 3250 &aa

1858 3252 1947 3290 Sigill.
1962 3253 1996 3283 de
2014 3256 2084 3283 Cera
2101 3253 2196 3284 rubea.¹

1297 3331 1316 3350 ²*
1334 3331 1439 3370 Qum
1455 3339 1486 3361 ea
1504 3330 1535 3361 fit
1549 3340 1611 3360 non
1623 3329 1718 3360 solum
1735 3329 1906 3360 Christianae
1924 3329 2102 3370 Religionis,
2117 3331 2180 3362 &c.
2345 3331 2457 3368 ‘xivg

1295 3369 1443 3400 Noverint
1461 3368 1616 3406 Univerfi‚
1632 3369 1695 3399 &c.
1715 3368 1796 3406 quod
1814 3368 1881 3398 Nos
1896 3370 1977 3399 Prior
1992 3369 2097 3399 Dormis
2105 3369 2170 3410 five
2181 3367 2324 3398 Prioratis
2345 3381 2411 3408 512.

1259 3411 1409 3437 Beatorum
1429 3406 1618 3448 Apostolorum
1641 3409 1718 3436 Petri
1740 3405 1778 3442 ὠ·
1801 3406 1885 3437 Pauli
1897 3407 1931 3437 de
1947 3407 2036 3438 Rath.
2056 3409 2090 3440 ὃς
2103 3407 2229 3446 ejusdem
2246 3407 2325 3438 Loci

1260 3450 1432 3484 Conventus,
1451 3456 1511 3476 uno
1530 3444 1609 3482 Ore,
1628 3446 1691 3476 &c.

1298 3483 1332 3514 In
1354 3485 1436 3523 cujus
1460 3485 1500 3514 rei
1522 3483 1739 3514 Testimonium
1761 3484 1830 3515 huic
1845 3484 1961 3524 Scripto
1975 3484 2075 3516 nostro
2093 3483 2262 3514 Commune
2279 3483 2325 3515 Si-

1259 3523 1363 3559 gillum
1385 3522 1515 3553 nostrum
1534 3523 1721 3561 appendimus
1740 3522 1774 3554 ὗε
1796 3523 1891 3556 nostra
1917 3524 2052 3555 Nomina
2070 3523 2182 3560 propria
2208 3522 2326 3561 quisque

1261 3561 1355 3592 Manu
1372 3560 1589 3599 subscripfimus.

1297 3637 1368 3668 Dat.
1390 3639 1420 3668 in
1442 3641 1529 3668 Domo
1548 3648 1582 3668 no
1606 3648 1640 3668 ra
1663 3638 1819 3676 capitulari
1838 3639 1975 3670 vicefimo
1994 3634 2118 3668 secundo
2140 3635 2200 3668 Die
2216 3637 2327 3671 Mensis

1262 3676 1457 3716 Septembris,
1474 3677 1563 3708 Anno
1610 3679 1676 3717 egni
1688 3677 1777 3718 Regis
1792 3677 1899 3709 OCtavi
1913 3676 2050 3709 vicesimo
2063 3675 2160 3706 Sexto.

1300 3752 1467 3784 Willielmus
1486 3756 1584 3792 Prior,
1603 3754 1779 3786 Cathedralis
1796 3753 1931 3784 Ecclesiae
1945 3750 2122 3783 Bathoniens.

1299 3791 1445 3830 Johannes
1459 3795 1538 3832 Pytte
1547 3816 1557 3831 ,
1573 3793 1711 3831 Subprior
1725 3792 1850 3831 ejusdem
1860 3789 2004 3822 Ecclefiae.

1299 3830 1413 3859 Thomas
1433 3830 1545 3869 Bathe‚
1565 3831 1732 3862 canonicus
1745 3830 1861 3862 ibidem.

1299 3868 1414 3899 Thomas
1427 3873 1561 3908 Averey,
1576 3869 1637 3906 &a
1657 3879 1703 3909 13.

1850 3935 1931 3974 Sigill.
1946 3935 1978 3967 de
1992 3939 2062 3968 Cera
2076 3940 2171 3972 viridi.

1303 4014 1410 4055 Quum
1426 4025 1458 4048 ca
1471 4015 1504 4048 sit
1521 4026 1581 4047 non
1599 4015 1692 4047 solum
1701 4013 1872 4047 Christianae
1885 4013 2065 4054 Religionis,
