2542 4274
787 199 888 241 ET
972 201 1240 243 ACTA
1325 197 1775 242 PUBLICA.

91 288 168 319 Ann.
186 288 225 318 D.
243 298 349 327 tenter,
368 289 401 320 δε
415 284 658 330 corporalitervhic
675 283 763 332 tasta,
780 285 930 324 Juramus,
948 295 1031 325 atque
1045 288 1074 317 in
1089 285 1254 331 VimUPaCti
1270 286 1303 317 δε

88 336 205 395 Ηέἑῗέ·
241 323 1303 406 {3355}sspffsss‘zsffssgffgnssffaaqaffi‘eqz‘z'zffie{z‘esszcssfflsszss

240 402 371 441 prehensa
385 401 503 432 fideliter
517 400 594 430 bona
608 399 663 430 fide
678 402 711 432 ὃς
726 410 809 430 omni
825 410 894 431 cum
909 401 1015 431 effectu
1038 402 1249 432 observabimus
1267 402 1301 432 &

241 450 429 478 exequemur,
448 441 480 471 &
494 449 542 478 per
558 439 693 470 Subditos
703 438 837 469 Vassallos
858 441 891 470 ὃς
917 440 1022 478 Ligeos
1037 439 1147 470 nostros
1168 449 1302 478 quatenus

240 479 313 516 ipsos
327 487 445 516 tangunt
459 479 597 508 observari
610 478 643 508 &
658 478 758 515 exequi
776 478 923 507 faciemus.

282 517 314 547 In
329 527 453 554 quorum
468 517 601 546 omnium
620 517 652 546 &
671 516 848 552 singulorum
870 515 973 545 Fidem
987 516 1246 546 &Testimonium
1254 515 1303 545 has

241 554 350 585 Literas
363 555 471 585 nostras
484 554 614 584 Patentes
627 554 728 590 sigillo
751 553 850 584 nostro
867 553 978 593 Magno
994 555 1106 589 sigillari
1126 557 1158 586 ὃ(
1181 555 1302 591 muniri,

242 603 276 624 ac
292 603 340 632 per
354 593 491 634 Notarios
506 593 636 630 publicos
650 592 817 630 subscriptos
836 593 991 632 consignari
1013 594 1046 624 &
1064 593 1217 630 subscribi,
1233 592 1302 622 feci-

241 641 306 661 mus
323 632 355 662 &
372 632 575 662 mandavimus.

281 670 351 701 Dat.
366 671 394 700 in
413 669 514 700 Sacello
526 671 600 700 Divi
613 668 737 698 Andreae
752 669 822 699 infra
837 669 1044 700 Monasterium
1061 669 1191 699 nostrum
1209 668 1301 699 saluti-

241 707 310 738 ferae
328 708 431 739 Crucis
444 709 463 727 ³*
478 707 628 743 Edinburgi
644 707 748 737 ultimo
762 707 821 737 Die
840 708 947 739 Menfis
958 709 1055 746 junii,
1072 709 1162 738 Anno
1177 706 1302 738 Domini

245 746 401 777 Millesimo
429 747 663 784 Quingenterimo
676 746 840 775 Tricesimo
851 755 967 785 quarto,
986 746 1149 777 Indistione
1165 746 1303 787 septima,

248 787 282 818 &
299 785 388 817 Anno
405 784 500 823 Regni
512 783 601 813 nostri
614 784 759 814 Vicesimo
776 785 880 821 primo.

428 861 614 893 Praesentibus
632 860 665 891 &
683 860 848 891 Astantibus
870 869 940 892 tunc
956 862 990 893 &
1004 861 1129 901 ibidem,

94 706 206 733 ·xrv.

93 754 160 781 541·

285 938 457 970 Reverendo
487 939 516 969 in
541 937 659 969 Christo
685 936 766 968 Patre
787 940 899 975 Hugone
919 940 1012 967 Priore
1035 938 1193 979 Monasterii
1213 940 1308 969 Sancti

247 978 389 1008 Cuthberti
403 977 563 1007 Dunelmen.

286 1015 501 1047 Venerabilibus
516 1016 668 1052 Dominis,

245 1053 383 1124 EbThoma
403 1057 521 1092 Magnus
540 1053 741 1084 Archidiacono
761 1052 890 1092 Estriden
906 1055 935 1083 in
952 1052 1076 1085 Ecclesia
1090 1053 1308 1092 Metropolitica

296 1102 406 1124 oracen.

284 1130 324 1161 Et
338 1135 373 1159 W
374 1131 481 1161 illielmo
496 1130 633 1171 Franklyn
648 1130 847 1160 Archidiacono
861 1129 1021 1161 Dunelmen.

282 1169 366 1200 Diffi
381 1170 556 1200 Illustriffimi
573 1173 650 1207 Regis
666 1169 794 1206 Angliae,
813 1169 998 1206 Oratoribus,

284 1208 331 1238 Ac
345 1208 594 1239 Reverendiffimo
607 1211 639 1239 ὅ(
658 1208 832 1238 Reverendis
846 1209 873 1236 in
889 1206 1008 1237 Christo
1026 1207 1168 1245 Patribus,

285 1249 404 1276 Gawino
421 1247 620 1290 Archiepifiopo
634 1246 778 1285 Glasguen.
798 1245 909 1284 Magno
923 1245 1102 1276 Cancellario
1118 1246 1233 1284 nostro,

286 1284 436 1315 IVillz'elmo
452 1288 575 1324 Episcopo
592 1286 762 1315 Abirdonen.
779 1283 892 1323 Magno
905 1284 1094 1315 Thesaurario
1107 1284 1216 1315 nostro.

315 1324 392 1353 acobo
407 1324 500 1362 Epzfio
518 1335 531 1353 o
545 1323 647 1361 Rossen.

315 1361 419 1391 ohanne
435 1332 559 1401 Epzssopo
576 1362 734 1392 Brechinen.

286 1400 412 1431 Dilestis
431 1400 653 1439 Consanguineis
671 1401 789 1438 nostris,

285 1437 390 1476 Jacobo
405 1442 505 1468 Comite
520 1442 639 1468 Araniae
654 1439 790 1469 Domino
803 1437 980 1468 Hamiltonn
989 1459 998 1476 ,

283 1476 452 1506 Archibaldo
473 1480 575 1506 Comite
591 1477 624 1507 de
644 1476 756 1513 Ergile,
771 1475 906 1505 Domino
919 1475 1069 1514 Campbell
1082 1477 1116 1509 δε
1132 1476 1226 1510 Latne
1241 1477 1308 1510 Ma-

246 1514 336 1554 gistro
350 1515 472 1553 Hospitii
486 1515 590 1552 nostri,

281 1554 391 1589 Georgia
408 1556 509 1582 Comite
520 1553 553 1581 de
567 1552 683 1581 Huntlie
692 1574 701 1589 ,
720 1551 853 1582 Domino
866 1551 1056 1591 Baidzenath,

282 1589 416 1628 Johanne
432 1594 547 1621 Domino
564 1593 590 1619 E
594 1591 667 1620 rskin
674 1614 684 1628 ‚

282 1630 406 1659 Ntmano
419 1632 534 1659 Domino
548 1632 589 1658 Ro
603 1639 615 1656 5
624 1651 634 1666 ‚

279 1666 496 1699 venerabilibus
509 1669 539 1696 in
554 1666 582 1696 C
605 1667 673 1696 risto
687 1667 835 1704 Patribus,

278 1707 399 1773 {anicio
414 1709 504 1735 Priore
520 1704 640 1744 Ecclefiae
654 1704 874 1741 Metropolitanae
886 1706 982 1736 Sano‘li
998 1706 1137 1744 Andreaeg

312 1751 322 1773 t

282 1767 397 1813 Roberto
409 1783 454 1813 A?
462 1783 523 1812 bate
541 1780 699 1822 monasterii
714 1780 797 1820 nostri
809 1784 916 1813 Sanc‘iae
928 1786 1035 1821 Crucis,

279 1821 416 1854 Testibus
431 1823 465 1853 ad
480 1820 628 1852 Praemissa
640 1820 748 1851 vocatis
761 1820 915 1858 specialiter
929 1823 962 1853 &
978 1819 1122 1860 requisitis.

896 1898 1076 1936 JAMES
1109 1896 1148 1928 R.

282 1979 325 2007 Et
348 1988 391 2014 ego
413 1976 538 2015 Jacobus
567 1974 661 2005 Foulis
686 1973 799 2004 Clericus
818 1975 912 2004 Sandi
931 1974 1057 2005 Andreae
1077 1973 1199 2014 Dioeufis
1221 1973 1308 2003 Sacriil

245 2017 428 2048 Aufforitate
440 2013 592 2052 Apzuslolica
608 2015 740 2041 Notarius·
755 2012 878 2043 Publicus
887 2016 967 2052 ,quia
983 2012 1123 2051 Praemiffis
1135 2011 1310 2051 Ratzficatio-

246 2059 293 2093 ni,
311 2054 518 2092 Approbationi,
537 2051 750 2092 Confirmationi,
766 2054 985 2089 Renuntiationi,
1004 2051 1177 2091 Promiffi'oni‚
1195 2050 1234 2086 ὀ·
1248 2050 1308 2088 Ju-

246 2096 364 2123 ramenti
385 2091 570 2133 Praestatz‘oni,
587 2091 734 2130 caeterisque
754 2091 896 2128 Praemists
919 2089 1037 2119 omnibus
1057 2089 1095 2125 &¹
1108 2088 1222 2129 singulis
1244 2090 1308 2119 dum

237 2132 279 2172 fic
293 2140 324 2162 ut
334 2135 528 2170 praernittitur,
542 2137 592 2167 per
604 2129 764 2166 praediclum
786 2127 842 2158 Illu
865 2128 989 2166 rtffimum
1004 2129 1116 2167 Regem
1130 2128 1289 2159 Scotorum
1298 2151 1309 2167 ‚

238 2170 294 2211 ficb
310 2174 396 2201 Anno
412 2172 534 2206 Domini,
551 2167 718 2204 Indifflone,
738 2169 806 2196 Men
821 2178 834 2196 e
844 2189 854 2205 ,
871 2169 943 2204 Die,
963 2165 1001 2201 &⁶
1021 2169 1092 2196 Loco
1104 2167 1257 2204 praedic‘lis,
1274 2178 1307 2196 ac

243 2213 273 2239 in
288 2209 439 2248 Praesentia
454 2211 600 2237 Oratorum
616 2204 786 2244 Illustrrffimi
831 2206 892 2243 egis
910 2205 1017 2241 Angliae
1032 2204 1070 2240 ὠ·
1084 2203 1199 2243 Testium
1206 2204 1308 2243 supra—

236 2246 398 2288 firiptorum
417 2246 457 2275 ad
474 2242 614 2282 Praemiffia
635 2250 792 2273 vocatorum
872 2243 1070 2284 requtfitorum‚
1097 2243 1246 2279 agebantur
1268 2242 1307 2277 ό·

242 2286 351 2326 fiebant
360 2309 368 2324 ‚
384 2285 499 2323 praesenr
507 2281 683 2322 personaliter
699 2280 830 2319 interfui,
849 2292 931 2322 eaque
943 2285 1033 2311 omnia
1047 2280 1084 2316 &¹
1091 2281 1202 2349 lingula
1208 2281 1247 2319 fic
1248 2280 1310 2350 l{e—

244 2336 269 2354 η
282 2325 342 2354 vidi
355 2327 459 2361 pariter
473 2322 511 2357 ὠ
526 2322 640 2355 audivi,
656 2319 730 2357 ideo,
750 2320 790 2349 ad
802 2321 972 2349 Mandatum
984 2319 1051 2349 disli
1064 2319 1093 2349 ΙΙ
1102 2331 1119 2348 u
1144 2323 1167 2348 ri
1186 2323 1232 2348 imi
1279 2329 1310 2349 e-

243 2364 285 2402 gis
305 2363 474 2398 Scotorum,
490 2359 607 2398 praeftns
627 2358 836 2396 lustramentum
857 2357 949 2396 Sigillo
967 2358 1032 2387 dicti
1047 2358 1102 2387 Illu
1126 2361 1151 2387 ri
1170 2362 1216 2388 cmi
1233 2361 1309 2396 Regis

244 2405 383 2431 Scotorum
398 2403 529 2429 munitum
535 2397 654 2436 ficbfirip
665 2407 692 2432 z,
701 2399 826 2436 Signaque
840 2395 878 2431 &a
893 2397 1010 2425 Nomine
1024 2401 1087 2425 meis
1093 2395 1183 2434 solitis
1195 2395 1233 2431 &¹
1250 2408 1311 2426 con-

239 2439 327 2481 ficetir
341 2438 454 2479 fignavi
474 2440 504 2468 in
520 2436 610 2466 Fidem
813 2438 818 2441 '

248 2477 390 2517 miffizrum.

679 2434 862 2474 Testimonium
876 2437 990 2464 emnium
1004 2433 1043 2470 ό»
1050 2434 1213 2475 singulorum
1231 2437 1311 2465 Prae-

642 2510 896 2550 jaconus
933 2510 1154 2541 Foucrs.

285 2595 327 2623 Et
351 2602 396 2629 ego
417 2589 563 2628 Georgius
585 2587 672 2628 Cuyk
694 2586 809 2617 clericus
829 2588 924 2617 Sancti
946 2587 1072 2618 Andreae
1097 2586 1222 2627 Dioecefis
1232 2586 1314 2626 sacra*

248 2630 428 2663 'Aub’t'oritate
441 2626 596 2667 Apostolicd
613 2628 749 2656 Notarius
765 2624 905 2664 Publicus,
922 2629 1001 2666 quia,
1021 2625 1080 2662 &c.

635 2684 666 2716 G
677 2692 695 2714 ε
703 2694 723 2714 o
732 2693 755 2715 R
764 2694 788 2716 o
796 2692 833 2715 tu
844 2693 857 2715 s
872 2684 902 2715 C
910 2693 934 2716 υ
944 2694 964 2715 Y
971 2693 994 2715 K
1011 2684 1149 2716 Notarius
1167 2683 1313 2714 Publicus.

288 2767 330 2795 Et
343 2774 386 2801 ego
397 2760 559 2794 Richardus
572 2760 670 2799 Fatley
682 2760 861 2800 Herefbrdcn.
883 2759 1006 2800 Dioecefis
1018 2759 1140 2792 Publicus
1144 2759 1230 2799 [ἔιινᾶ
1245 2762 1311 2791 Au-

252 2807 379 2836 ctoritate
393 2799 548 2840 Apostolica'
564 2801 716 2838 Notarius,
734 2803 814 2840 quia,
831 2799 894 2835 &c.

412 2858 452 2889 R*
477 2858 509 2889 F·
804 2894 918 2927 Omnes
932 2895 994 2926 Viae
1007 2896 1064 2934 ejus
1079 2896 1154 2928 Vita.⁴

289 2980 332 3007 Et
354 2985 398 3014 ego
417 2974 587 3006 Edmundus
603 2973 684 3005 Stote
697 2972 887 3011 Londonienfis
903 2971 1026 3009 Dioecefis
1041 2972 1166 3002 Publicus
1180 2973 1313 3003 Audari-

253 3021 314 3044 tate
330 3013 483 3052 Apostolicd
502 3015 653 3048 Notarius,
672 3015 734 3053 quia
744 3010 894 3049 praelzhatis
908 3011 1114 3052 Ratificationi,
1130 3012 1312 3049 Approbatio-

253 3056 302 3091 ni,
318 3052 535 3093 Confirmationi,
554 3053 777 3088 Renunciationi,
802 3049 978 3088 Promiffioni,
1000 3049 1160 3086 Juramenti
1178 3061 1210 3079 ue
1234 3052 1312 3080 Prae-

249 3090 378 3130 stationi,
387 3100 483 3119 necnon
497 3092 601 3119 caeteris
613 3087 754 3126 Praemiffi's
768 3087 887 3117 omnibus
902 3086 940 3123 ὠ
949 3087 1061 3127 singulis
1074 3088 1135 3116 dum
1159 3099 1182 3117 ιι·
1194 3095 1227 3117 ut
1236 3096 1310 3126 prae-

253 3131 390 3165 mittitur,
403 3135 451 3165 per
466 3127 625 3165 praedid't'um
645 3126 847 3166 Illustriffi'mum
860 3126 971 3164 Regem
988 3126 1164 3165 Scotorum,
1173 3125 1227 3165 sr'cb
1243 3130 1311 3156 An-

255 3177 291 3197 no
311 3169 437 3203 Domini,
455 3166 604 3194 Indic‘lione
640 3168 707 3195 Men
721 3178 752 3203 e,
769 3168 822 3195 Die
838 3164 876 3199 ὠ
890 3167 962 3194 Loco
972 3165 1129 3202 predictis,
1145 3168 1217 3194 acin
1232 3167 1309 3195 Prae—

246 3205 340 3245 fintia
354 3207 499 3233 oratorum
509 3189 665 3242 Sereniſjimi
730 3202 901 3242 Invidlzfflmt'
916 3203 1002 3241 Regis
1018 3202 1127 3240 Angliae
1142 3202 1181 3237 ὠ
1195 3203 1309 3243 Testium

248 3244 372 3284 superius
392 3241 577 3279 descriptorum
595 3241 634 3270 ad
650 3240 787 3279 Praermffoe
807 3248 965 3271 vocatorum
979 3240 1017 3276 ώ-
1031 3240 1231 3280 requisiturum,
1249 3253 1310 3278 age-

257 3283 359 3312 bantur
373 3278 410 3314 &
421 3279 541 3319 fiebant,
553 3278 670 3320 praese'ns
678 3279 853 3318 pnffinalitn
865 3278 989 3319 interfui,
1005 3291 1037 3308 ea
1055 3290 1086 3309 ue
1099 3282 1188 3309 omnia
1204 3279 1242 3315 &
1249 3281 1310 3321 fin..

255 3320 323 3359 gula
344 3317 378 3356 fic
417 3321 456 3347 eri
476 3317 535 3346 vidi
554 3321 659 3354 pariter
678 3316 717 3352 ὠ
737 3317 853 3356 audivi,
869 3318 984 3355 idcirco,
1003 3290 1054 3347 a]
1058 3318 1226 3348 Mandatum
1234 3326 1308 3356 prae-

258 3358 351 3398 affirti
365 3359 378 3385 1
392 3355 465 3394 luslri
484 3358 530 3384 imi
542 3358 619 3392 Regis
631 3358 766 3385 Scotorum
774 3378 784 3394 ,
791 3353 904 3394 praesbns
918 3354 1126 3393 Instrumentum
1138 3355 1228 3392 Sigillo
1237 3357 1309 3397 ejus:

258 3399 318 3428 dem
341 3394 441 3435 Illustri
460 3397 507 3422 imi
521 3393 611 3431 Regis
626 3394 784 3429 Scotorum
799 3398 931 3425 munitum
945 3393 984 3428 ὠ
997 3393 1150 3423 roboratum
1155 3393 1295 3464 subsbrijifi
1299 3420 1310 3433 ‚

256 3439 385 3475 Signaque
397 3432 435 3468 ὦ·
450 3433 566 3461 Nomine
583 3436 645 3462 meis
673 3432 743 3463 olitis
757 3431 796 3466 (ῥ’
809 3432 936 3472 consuetis
942 3432 1054 3473 fignavi
1069 3435 1099 3463 in
1112 3433 1205 3463 Fidem
1219 3436 1258 3464 Ro
1275 3445 1310 3464 ur

255 3473 295 3510 ἀι
309 3472 490 3513 Testimonium
506 3472 621 3500 omnium
677 3470 841 3513 fingulorum
856 3473 1060 3512 Praemifforum.

887 3547 922 3578 E.
956 3548 977 3579 S
995 3556 1020 3578 Τ
1039 3559 1059 3579 o
1080 3555 1104 3578 'r
1121 3557 1152 3579 Ε.

773 3592 829 3624 Nil
845 3593 953 3626 Mortis
967 3594 1051 3625 Horti
1065 3595 1207 3626 incertius-

285 3643 339 3675 Sub
350 3642 442 3681 Sigillo
454 3644 557 3680 Magno
572 3643 646 3671 Cerae
659 3639 727 3670 albae
740 3651 759 3670 a
774 3640 868 3678 duplici
880 3641 974 3671 Cauda'
991 3643 1160 3679 Pergamenae
1167 3642 1311 3680 pendente·

109 3769 126 3787 ⁶
134 3770 221 3797 XIV.
255 3768 284 3795 δὲ
307 3768 498 3813 Confirmatio
521 3764 686 3799 Indenturae
713 3763 749 3798 de
773 3760 1003 3797 Redeliberanda
1030 3764 1186 3798 Fortalitio
1209 3765 1245 3800 a'e
1260 3771 1308 3802 E-

108 3816 176 3845 542·
302 3815 470 3862 dringtone,
494 3824 599 3848 vocato
622 3812 787 3855 Caumyll,
812 3814 843 3843 in
866 3814 987 3844 Manus
1015 3815 1102 3859 Regis
1128 3816 1244 3856 Scotiae‚
1268 3819 1306 3854 (ῥ’

300 3863 337 3896 de
352 3862 476 3896 Alendis
493 3860 681 3896 Archibaldo
697 3861 767 3894 olim
786 3861 900 3893 comite
917 3861 1069 3906 Anguste,
1094 3862 1157 3906 ejus
1176 3865 1305 3906 Fratre,

104 3898 340 3977 A11¹53134D·&
359 3912 420 3955 ejus
438 3911 612 3944 Avunculo.

104 3979 215 4042 5²3⁶·
297 3994 405 4027 Amba,
417 4016 426 4030 ’
442 3993 505 4038 Dej-
520 3995 636 4033 Gratia,
650 3997 710 4025 Rex
730 3998 865 4025 Scotorum
880 3993 1016 4039 omnibus
1027 3992 1134 4038 Chris-‘ci
1147 3995 1302 4035 Fidelibus‚

102 4035 144 4080 ΒΞ·
156 4037 214 4081 Au·
312 4032 428 4071 przesens
446 4031 589 4068 Scriptum
610 4033 773 4070 inspecturis
793 4033 906 4064 lecturis
926 4032 981 4065 sive
998 4031 1144 4072 audituris,
1161 4034 1285 4068 Salutem
1301 4057 1312 4075 υ

100 4098 165 4128 eogr.
250 4076 284 4109 &
302 4071 403 4105 Fidem
416 4069 562 4102 indubiam
575 4070 763 4104 Praesentibus
777 4071 911 4104 adhiberi.

2330 223 2410 262 215

1382 284 1532 322 Qoniam
1548 294 1654 322 nuper,
2421 291 2500 323 Ann.
2516 292 2542 324 D

1383 322 1459 353 Inter
1492 322 1729 367 Commissarios,
1756 323 1972 365 Procuratores,
2000 328 2139 369 Legatos,
2164 329 2380 363 Ambassiatores
2391 354 2400 370 ,
2442 340 2527 371 1534.

1345 360 1506 397 Deputatos
1522 362 1555 392 &
1574 361 1709 405 Nuncios
1725 361 1835 391 nostros
1850 373 1883 393 ex
1901 364 1981 396 Parte
1997 369 2309 409 una,Consiliariosque
2325 371 2400 402 Ora·
2418 375 2482 399 Hem.
2501 372 2527 401 8,

1346 407 1421 429 tores
1444 400 1478 429 &
1502 399 1720 430 Commissarios
1735 399 1910 430 Illustriffimi
1925 405 1957 432 ὃς
1971 403 2146 437 Invi†tiffimi
2163 409 2303 447 Principis
2322 412 2401 439 Hen-

1343 440 1392 466 rici
1407 439 1511 467 octavi
1522 462 1531 476 ‚
1551 438 1609 468 Dei
1624 439 1743 476 Gratia,
1763 438 1876 475 Angliae
1889 443 1966 476 Regis
1980 443 2053 470 Fidei
2068 444 2219 484 Defensori}
2234 447 2272 482 ὠ·
2291 448 2402 478 Domini

1344 476 1502 514 Hiberniae,
1521 476 1611 507 nostri
1627 477 1725 508 Fratris
1740 479 1773 508 &
1790 478 1934 507 Avunculi
1948 478 2089 510 Cariss'iini
2107 492 2138 511 ex
2155 485 2236 516 altera
2255 486 2351 522 Parte,

1383 513 1588 552 Conventum,
1608 514 1828 546 Concordatum
1843 516 1875 546 &
1890 515 2068 547 Conclusum
2083 520 2222 558 sit,prout
2239 534 2286 560 per
2298 534 2400 554 eorum

1346 553 1466 584 Litteras
1480 552 1637 583 Indentatas
1650 554 1759 592 plenius
1774 554 1860 592 liquet
1877 554 1910 584 &
1923 563 2035 592 apparet
2044 578 2053 591 ,

1381 592 1514 660 thcrursrti
1530 602 1610 659 velrus
1624 594 1656 624 &
1671 592 1841 623 indubitatus
1853 592 1954 623 Tenor
1968 593 2004 623 de
2019 591 2116 624 Verbo
2129 596 2158 624 in
2171 594 2297 628 Verbum
2312 600 2402 639 sequi-

1344 637 1406 667 tur,
1471 640 1486 660 e
1529 637 1599 667 tais,

1345 705 1455 773 MH·AE
1464 715 1480 737 c
1500 705 1513 735 Ι
1524 714 1546 736 N
1558 715 1579 736 D
1588 714 1606 737 ε
1617 715 1640 737 N
1649 715 1671 737 τ
1682 716 1704 738 υ
1717 717 1740 738 R
1752 717 1771 738 A
1781 730 1791 746 ,
1810 708 1871 744 ὅγε.
1893 713 1924 737 ut
1939 705 2026 747 sicpra
2047 708 2079 737 de
2092 710 2165 738 Dat.
2180 710 2337 741 Duodecimo
2352 716 2405 745 Die

1381 755 1428 774 al!-

1386 820 1455 851 Nos
1470 821 1552 860 igitur
1564 820 1684 860 Jacobus
1696 825 1756 852 Rex
1769 822 1925 853 antedictus
1936 823 2171 855 Conventionem
2180 847 2190 862 ,
2207 824 2404 857 Concordiam

1349 859 1383 890 &
1407 858 1636 890 Conclusionem
1655 861 1780 897 superius
1802 861 1962 900 descriptas,
1980 863 2135 900 omniaque
2151 864 2184 894 ὅ(
2199 863 2303 901 singula
2319 864 2407 902 Capi-

1350 897 1409 928 tula
1429 898 1461 928 &
1476 898 1618 928 Articulos
1635 899 1664 929 in
1681 899 1785 930 eisdem
1799 900 2022 938 comprehensa,
2044 901 2222 938 Laudamus,
2242 902 2409 933 Austoriza-

1351 946 1414 966 mus
1446 935 1630 967 Ratificamus
1649 938 1683 968 ὃ(
1704 937 1936 975 confirmamus,
1954 948 1986 968 ac
2011 949 2062 976 pro
2084 939 2231 978 Laudatis,
2257 940 2408 972 Autoriza-

1350 974 1401 1011 tis,
1420 958 1575 1005 Ratificatis
1588 977 1621 1007 ὃς
1635 975 1820 1006 Confirmatis
1833 976 1927 1005 haberi
1945 977 2078 1007 volumus
2092 987 2139 1015 per
2157 977 2315 1008 Praesentes.

1388 1013 1422 1043 In
1442 1023 1566 1050 quorum
1587 1015 1720 1045 omnium
1743 1014 1840 1044 Fidem
1861 1015 1895 1045 &
1918 1013 2133 1045 Testimonium
2154 1015 2200 1045 has
2218 1017 2338 1054 Litteras
2356 1028 2410 1047 no-

1350 1051 1569 1119 strasdPantentes
1592 1052 1668 1091 fieri,
1686 1055 1719 1085 &
1737 1052 1838 1083 nostro
1860 1052 1974 1091 Magno
1996 1053 2095 1093 Sigillo
2118 1055 2221 1084 muniri
2234 1055 2354 1086 fecimus
2377 1058 2411 1088 &

1350 1099 1417 1119 man
1439 1100 1559 1120 awmus.

1388 1128 1497 1159 Datum
1520 1130 1548 1158 in
1564 1128 1665 1158 Sacello
1680 1133 1753 1159 Divi
1766 1128 1890 1159 Andreae
1904 1128 1974 1160 infra
1991 1128 2200 1161 Monasterium
2214 1131 2343 1162 nostrum
2359 1133 2410 1163 San

1350 1165 1469 1197 lutiferae
1490 1165 1592 1197 Crucis
1606 1168 1756 1205 Edinburgi
1771 1169 1875 1198 ultimo
1891 1167 1951 1198 Die
1967 1168 2074 1198 Menfis
2084 1168 2181 1207 junii,
2200 1170 2288 1199 Anno
2302 1170 2410 1201 Domi-

1349 1205 1380 1234 ni
1398 1205 1556 1234 Millefimo
1573 1206 1791 1244 Qngenrelimo
1814 1205 1978 1237 Tricesimo
1993 1216 2111 1245 quarm,
2136 1209 2169 1239 &
2194 1206 2292 1247 Regni
2316 1208 2407 1239 nostri

1350 1242 1437 1274 Anno
1451 1243 1597 1276 Vicefimo
1612 1245 1715 1283 primo.

1926 1321 2103 1361 JAMEs
2139 1321 2259 1354 Rex.

1509 1398 1562 1428 Sub
1586 1401 1689 1436 Magno
1705 1397 1795 1436 Sigillo
1818 1401 1894 1436 Regis
1914 1401 2007 1429 Scotiae
2028 1398 2060 1428 de
2078 1402 2146 1429 Cera
2166 1400 2231 1431 albei
2246 1403 2380 1439 pendente
2393 1414 2412 1433 a

1545 1438 1642 1475 duplici
1655 1438 1752 1467 Caudd
1767 1440 1946 1475 Pergamenae.

1396 1566 1489 1610 Super
1512 1562 1705 1598 Τναὲἶαιὶὲκπ
1723 1563 1886 1611 praea'ic'lis,
1913 1561 2074 1607 Commtffio
2095 1567 2182 1611 Regis
2198 1568 2363 1601 Scotorum.

1395 1649 1521 1688 Acobus,
1538 1650 1596 1681 Dei
1618 1649 1735 1688 Gratia,
1753 1654 1812 1680 Rex
1833 1652 1965 1679 Scotorum
1986 1649 2144 1680 Venerabili
2158 1650 2186 1680 in
2200 1650 2319 1681 Christo
2333 1651 2411 1684 Patri
2434 1659 2510 1690 Αῃῃ,
2521 1659 2542 1691 1]

1405 1698 1438 1734 ac
1462 1688 1633 1718 Consiliario
1653 1689 1751 1718 nostro
1773 1688 1892 1719 Dilecto
1905 1688 2020 1717 Roberco
2032 1687 2143 1718 Abbati
2157 1689 2411 1730 Monasteriinostri
2452 1708 2540 1738 1534,

1349 1724 1381 1754 de
1398 1726 1525 1764 Ktnloss',
1544 1727 1680 1757 Salutem.

1486 1766 1490 1769 .
2432 1742 2482 1766 Aa.
2499 1741 2542 1767 26.

1389 1764 1537 1801 Qioniam
1553 1773 1642 1801 nuper
1650 1786 1659 1803 ,

1385 1801 1440 1833 Per
1456 1801 1660 1833 Reverendum
1675 1803 1705 1832 in
1726 1801 1845 1833 Christo
1863 1800 1979 1834 Patrem
1995 1800 2177 1832 Willielmum
2192 1803 2348 1843 EpisEopum
2364 1809 2409 1836 A·
2430 1781 2471 1842 22-
2485 1777 2542 1842 {im

1348 1840 1528 1880 birdonensem
1556 1840 1650 1880 Regni
1674 1840 1763 1870 nostri
1789 1841 1935 1879 Magnum
1957 1840 2192 1880 Thesaurarium,
2218 1843 2250 1873 ὅ(
2270 1844 2411 1874 Adamum
2438 1862 2502 1891 rogr.

1349 1878 1499 1909 Ottirburn
1520 1879 1553 1909 de
1575 1878 1705 1910 Reidhall
1723 1878 1870 1918 Militem,
1888 1878 1999 1910 nostros
2020 1889 2102 1910 veros
2122 1881 2294 1912 indubitatos
2316 1883 2412 1913 Com-

1349 1918 1507 1956 missarios,
1529 1917 1747 1956 Procuratores,
1775 1918 1913 1956 Legatos,
1939 1917 2176 1956 Ambaffiatores,
2197 1918 2356 1957 Deputatos
2378 1923 2412 1952 &

1349 1955 1487 1986 Nuncios
1510 1956 1640 1993 speciales
1660 1966 1693 1986 ex
1715 1955 1772 1986 una
1786 1955 1885 1993 Parte,
1904 1958 1938 1988 &
1953 1956 2103 1986 Praeclaros
2120 1957 2268 1987 Dominos
2284 1958 2412 1990 Thomam

1349 1993 1475 2031 Audeley
1495 1993 1592 2033 Regni
1607 1995 1717 2032 Angliae
1729 1994 1957 2031 Cancellarium,
1976 1993 2104 2023 Thomam
2118 1995 2268 2025 Crumwell
2279 1997 2413 2037 Armige-

1350 2041 1416 2062 rum
1439 2032 1616 2063 Illustriffimi
1640 2032 1728 2071 Regis
1748 2032 1861 2072 Angliae
1875 2032 2045 2063 Primarium
2061 2033 2244 2064 Secretarium
2254 2058 2264 2073 ,
2281 2037 2412 2067 -Edwar-

1349 2071 1411 2100 dum
1432 2074 1490 2100 Fox
1510 2070 1578 2102 dieti
1603 2071 1693 2108 Regis
1708 2070 1821 2110 Angliae
1838 2070 2107 2108 Eleemosinarium,
2126 2071 2281 2110 Johannem
2294 2077 2412 2112 Tregun-

1349 2108 1418 2139 well
1440 2110 1651 2140 Admirallitatis
1680 2109 1792 2148 Angliae
1809 2109 1946 2148 Judicem
1967 2108 2174 2153 Principalem,
2191 2111 2224 2141 δε
2248 2112 2413 2144 Richardum

1349 2150 1441 2177 Guent
1457 2147 1555 2178 Curiae
1571 2147 1798 2185 Metropoliticae
1811 2147 2016 2178 cantuariensis
2031 2147 2196 2179 Officialem
2211 2149 2413 2191 Principalem,

1350 2185 1459 2224 praefati
1478 2186 1656 2217 illustrissimi
1678 2189 1754 2224 Regis
1775 2186 1888 2224 Angliae
1909 2186 2008 2216 Fratris
2023 2187 2056 2217 δε
2071 2187 2215 2218 Avunculi
2232 2188 2320 2220 nostri
2334 2190 2412 2222 Cha-

1349 2224 1447 2255 riffimi
1468 2234 1549 2256 veros
1571 2226 1604 2256 &
1621 2224 1791 2256 indubitatos
1809 2223 2047 2261 Commiffarios,
2066 2224 2284 2266 Procuratores,
2302 2228 2409 2261 Orato-

1350 2273 1411 2300 res,
1432 2263 1568 2302 Legatos,
1587 2263 1750 2301 Deputatos
1763 2264 1796 2294 &
1812 2263 1948 2294 Nuncios
1962 2262 2094 2301 speciales
2109 2273 2144 2294 ex
2157 2264 2239 2296 altera
2252 2265 2349 2306 Parte,

1389 2301 1483 2338 Bona,
1501 2303 1592 2339 realis,
1614 2302 1718 2333 sincera
1763 2311 1846 2338 vera,
1866 2302 1973 2340 integra
1996 2311 2028 2332 ac
2053 2301 2136 2333 firma
2156 2302 2233 2341 Pax,
2258 2305 2412 2337 Amicitia*

1352 2339 1439 2379 Liga,
1464 2339 1700 2378 Confoederatio,
1726 2324 1810 2370 Unio
1833 2340 1866 2371 &
1890 2339 2089 2378 intelligentia,
2111 2351 2161 2379 per
2182 2341 2302 2373 Terram
2327 2331 2412 2377 Mare

1352 2378 1500 2417 Aquasque
1515 2379 1610 2410 dulces
1623 2380 1656 2409 &
1670 2379 1773 2418 ubique
1788 2378 1949 2417 Locorum,
1967 2381 2038 2408 inter
2050 2380 2110 2408 Nos
2125 2382 2158 2412 ὃς
2171 2380 2280 2410 dictum
2297 2382 2412 2415 Charis..

1353 2417 1454 2447 fimum
1485 2417 1611 2448 Fratrem
1631 2417 1665 2447 ὃ(
1688 2417 1874 2448 Avunculum
1898 2416 2027 2447 nostrum
2046 2418 2158 2455 Angliae
2172 2422 2286 2458 Regem,
2305 2422 2413 2453 nostra,

1352 2464 1409 2493 que
1423 2454 1542 2495 Regna,
1559 2456 1708 2493 Subditos,
1726 2454 1850 2485 Vasallos
1865 2456 1898 2486 &
1912 2455 2020 2492 Ligeos
2034 2456 2158 2495 nostros,
2176 2458 2299 2489 tractatae
2309 2483 2319 2498 ,
2338 2470 2410 2492 con-

1354 2493 1496 2533 cordatae,
1513 2502 1666 2524 conventae
1676 2494 1767 2531 ,initae
1782 2494 1816 2523 &
1830 2493 1973 2523 conclusae
1988 2494 2057 2531 sint,

1388 2531 1479 2563 Prout
1499 2541 1548 2572 per
1570 2531 1793 2562 Instrumentum
1811 2530 1983 2568 Tractatiis,
2002 2531 2213 2564 Conventionis
2228 2535 2260 2565 &
2279 2535 2410 2568 Conclu-

1354 2569 1436 2600 fionis
1453 2570 1630 2609 hujusmodi,
1646 2573 1754 2599 Datum
1769 2569 1843 2608 apud
1852 2572 2002 2598 Civitatem
2022 2571 2150 2601 London.
2167 2572 2334 2605 Undecimo
2353 2576 2412 2607 Die

1353 2607 1461 2640 Menfis
1484 2609 1558 2640 Maii
1572 2609 1659 2639 Anno
1679 2608 1804 2638 Domini
1818 2607 1977 2638 Millesimo
1992 2608 2231 2649 Qiingentesimo
2247 2612 2412 2645 Tricefimo

1353 2656 1451 2686 quarto
1461 2649 1521 2686 jam
1539 2647 1658 2677 instante
1671 2647 1780 2684 plenius
1792 2646 1881 2683 liquet
1895 2647 1928 2677 δε
1944 2655 2073 2686 apparet,

1389 2685 1438 2717 Te
1459 2687 1543 2726 igitur
1563 2685 1694 2716 nostrum
1714 2694 1812 2715 verum
1825 2684 2015 2715 indubitatum
2028 2684 2282 2729 commissarium,
2300 2692 2409 2724 Procu.

1352 2733 1473 2756 ratorem
1511 2724 1683 2760 Oratorem,
1704 2723 1861 2762 Legatum,
1882 2722 2059 2760 Deputatum
2081 2726 2115 2758 &
2137 2726 2291 2759 Nuncium
2310 2732 2412 2769 specia-

1349 2764 1408 2834 ξω
1417 2749 1616 2832 sAssignamus
1630 2786 1640 2801 ,
1666 2762 1819 2800 Facimus,
1844 2759 2082 2794 ”Constituimus
2104 2764 2138 2795 δε
2164 2765 2342 2800 Ordinamus
2364 2781 2412 2811 per
2433 2785 2526 2814 *XIV

1375 2812 1413 2833 rae
1425 2811 1505 2834 entes
2472 2833 2482 2842 ,
2531 2808 2538 2814 ’

1388 2841 1497 2872 Dantes
1513 2825 1555 2874 ³&
1580 2839 1783 2872 Concedentes
1803 2839 1874 2870 Tibi
1898 2839 2025 2872 nostram
2051 2841 2203 2880 plenariam
2221 2845 2411 2887 Potestatem,
2429 2832 2495 2861 5⁴³⁸

1351 2881 1563 2912 Auctoritatem
1582 2881 1616 2911 &
1635 2878 1806 2910 Mandatum
1821 2879 1937 2918 speciale
1948 2903 1957 2918 ,
1976 2890 2028 2916 pro
2046 2880 2145 2910 Nobis
2158 2881 2189 2912 ὃ(
2207 2882 2342 2915 Nomine
2357 2897 2410 2917 no—

1350 2919 1427 2959 stro,
1445 2919 1594 2958 praefatum
1610 2917 1826 2948 Illustriffimum
1841 2916 1954 2954 Angliae
1969 2920 2063 2954 Regem
2078 2919 2204 2950 Fratrem
2217 2922 2250 2952 &
2268 2922 2409 2956 Avuncu-

1351 2958 1414 2989 lum
1437 2956 1566 2988 nostrum
1585 2955 1790 2987 Chariffimum
1813 2956 1942 2993 quatinus
1964 2956 2094 2993 dignetur
2110 2978 2119 2994 ,
2142 2965 2200 2988 tam
2224 2959 2410 3002 Tractatum,

1351 2996 1608 3033 Conventionem,
1626 2995 1745 3033 Ligam,
1762 2993 2050 3025 Confoederationem
2063 2997 2095 3026 ὅ(
2113 2994 2339 3031 conclusionem
2358 3003 2411 3032 hu-

1347 3035 1489 3073 jusmodi,
1504 3043 1588 3074 atque
1607 3034 1706 3064 omnia
1731 3033 1765 3063 δε
1787 3033 1888 3071 singula
1911 3031 1954 3063 Ca
1975 3033 2039 3064 itula
2055 3036 2088 3066 &
2101 3034 2246 3066 Articulos
2261 3038 2288 3067 in
2306 3040 2408 3070 eisdem

1349 3073 1573 3113 comprehensa,
1603 3081 1689 3110 quam
1709 3070 1894 3101 Concordata
1910 3093 1920 3108 ,
1972 3082 2096 3104 onventa
2121 3074 2154 3104 ὃς
2176 3073 2316 3107 Conclusa
2338 3080 2408 3109 inter

1351 3112 1467 3143 eosdem
1489 3111 1626 3141 Oratores
1637 3111 1667 3140 in
1684 3109 1850 3148 quibusdam
1865 3109 2039 3148 Indenturis‚
2057 3111 2156 3151 Sigillis
2172 3112 2316 3145 &storum
2333 3117 2407 3147 Ora-

1349 3160 1444 3183 torum
1468 3151 1615 3188 reciproce
1638 3149 1773 3187 sigillatis,
1788 3147 1824 3177 de
1843 3147 1917 3177 Data
1933 3148 2101 3178 Duodecimae
2117 3152 2182 3179 Diei
2198 3154 2273 3181 Maii
2290 3155 2407 3194 Menfis,

1350 3190 1429 3221 Anni
1450 3187 1666 3226 supranominati
1677 3187 1741 3225 jam
1764 3185 1905 3224 instantis,
1926 3185 2050 3217 Laudare
2066 3187 2241 3220 Auctoris-are
2257 3192 2290 3222 ὃ(
2305 3191 2406 3223 Ratifi—

1348 3239 1411 3260 care

1385 3251 1482 3304 Aique
1497 3265 1629 3296 omnibus
1642 3265 1675 3296 &
1690 3263 1800 3303 singulis
1816 3262 1992 3302 Privilegiis,
2010 3263 2288 3304 Dispensationibus,
2299 3267 2409 3309 Cauiis,

1347 3305 1537 3342 RationibuS,
1555 3303 1757 3342 Praetextibus‚
1776 3302 1998 3340 Occasionibus,
2017 3303 2050 3333 &
2065 3303 2123 3332 aliis
2134 3305 2344 3343 quibuscunque
2353 3307 2404 3346 Ju-

1347 3346 1383 3375 ris
1402 3344 1436 3374 &
1458 3343 1536 3373 Facti
1554 3341 1702 3372 Remediis
1718 3343 1746 3372 in
1761 3351 1863 3381 genere
1878 3341 1921 3371 vel
1938 3341 1968 3370 in
1984 3341 2089 3380 specie,
2109 3341 2157 3371 sibi
2173 3342 2206 3372 de
2219 3343 2288 3380 Jure
2309 3346 2353 3375 vel
2367 3346 2404 3377 ab

1347 3382 1481 3413 Homine
1502 3380 1553 3411 sub
1574 3390 1744 3419 quacunque
1765 3380 1919 3410 verborum
1943 3379 2008 3409 serie
2022 3379 2157 3421 concessis
2171 3380 2226 3410 slve
2240 3383 2402 3413 conceden-

1347 3422 1407 3460 dis,
1423 3428 1470 3450 aut
1491 3420 1546 3450 alio
1587 3428 1739 3457 uocunque
1758 3418 1849 3449 modo
1871 3418 2099 3454 competentibus
2125 3420 2180 3447 live
2194 3423 2404 3462 competituris,

1348 3470 1398 3498 per
1419 3468 1483 3497 quae
1507 3457 1562 3488 effe
1594 3467 1625 3486 us
1641 3457 1710 3487 dieti
1724 3456 1892 3492 Tractatus,
1910 3455 2008 3498 Ligae,
2023 3454 2233 3498 Conventionis
2248 3458 2304 3488 sive
2320 3459 2403 3490 Con-

1347 3497 1490 3534 clusionis,
1508 3504 1554 3526 aut
1566 3495 1680 3529 alicuius
1691 3495 1813 3525 Articuli
1828 3495 1884 3524 five
1897 3492 2021 3532 Capituli
2036 3504 2063 3523 in
2078 3492 2178 3522 eisdem
2194 3498 2403 3538 comprehensi,

1348 3534 1567 3575 quomodolibet
1588 3533 1673 3571 poffit
1693 3533 1840 3571 impediri,
1858 3532 1949 3569 palam
1964 3532 2121 3574 publice&
2136 3533 2261 3569 expresse
2275 3544 2308 3565 ex
2323 3547 2400 3571 certa

1348 3575 1470 3607 Scientia
1485 3573 1518 3604 &
1534 3573 1562 3601 in
1579 3572 1637 3601 vim
1656 3570 1735 3601 Pasti
1750 3582 1782 3602 ac
1798 3572 1827 3601 in
1846 3570 1961 3608 Scriptis
1976 3579 2152 3606 renunciare,

1386 3613 1424 3643 Et
1443 3621 1491 3650 per
1514 3609 1693 3641 sacrosancta
1716 3609 1775 3639 Dei
1798 3608 1948 3647 Evangelia
1968 3608 2076 3650 jurare,
2093 3615 2177 3645 atque
2198 3610 2226 3639 in
2242 3612 2300 3641 vim
2318 3613 2399 3645 Pa<st1

1348 3652 1383 3683 &
1404 3652 1433 3681 in
1454 3649 1553 3679 Verbo
1575 3646 1670 3685 Regio
1693 3647 1881 3684 Promittere,
1898 3647 1975 3683 quod
1992 3654 2088 3675 omnia
2103 3647 2136 3676 ὅ(
2152 3647 2254 3686 singula
2270 3649 2400 3689 Capitula

1349 3690 1383 3720 ὅ(
1396 3687 1538 3720 Articulos
1549 3687 1577 3716 in
1591 3686 1825 3723 supranominatis
1837 3685 1972 3715 ‘fractam
1982 3705 1992 3720 ,
2010 3682 2213 3716 Conventione
2226 3687 2258 3716 ὃ(
2270 3688 2399 3721 Conclu-

1350 3728 1427 3758 fione
1445 3723 1664 3765 comprehensa,
1683 3723 1799 3754 fideliter
1823 3724 1898 3754 bona
1914 3721 1981 3765 Fide
1996 3721 2029 3751 &
2040 3723 2124 3752 omni
2141 3733 2209 3754 cum
2223 3725 2329 3758 effectu
2343 3731 2398 3758 ob-

1348 3765 1466 3796 servabit
1488 3764 1521 3794 &
1541 3769 1710 3800 exequetur,
1733 3762 1766 3792 &
1788 3771 1836 3799 per
1854 3760 1988 3791 Subditos
2004 3758 2132 3803 .Vasallos
2153 3763 2186 3794 δε
2208 3763 2313 3803 Ligeos
2334 3766 2397 3800 suos

1346 3805 1475 3844 quatinus
1489 3801 1560 3840 ipsos
1574 3809 1693 3836 tangunt
1706 3799 1847 3830 observari
1864 3800 1896 3830 &
1910 3806 2010 3834 exequi
2023 3798 2125 3837 faciet,

1384 3842 1429 3873 Ac
1452 3840 1568 3870 Litteras
1593 3838 1649 3867 suas
1671 3838 1800 3868 Patentes
1818 3836 1930 3873 desuper
1955 3835 2032 3872 fieri,
2049 3846 2082 3867 ac
2106 3838 2203 3876 Sigillo
2218 3840 2267 3870 suo
2283 3841 2396 3882 Magno

1346 3879 1458 3919 propria
1482 3878 1526 3909 sua
1549 3876 1643 3907 Manu
1658 3875 1833 3906 communiri
1848 3874 1951 3913 figillari
1968 3874 2000 3904 &
2016 3874 2164 3913 subscribi,
2183 3876 2310 3917 Tibique
2326 3883 2397 3914 tradi

1346 3921 1380 3952 ὅ(
1400 3916 1543 3948 deliberari
1567 3916 1595 3944 in
1616 3913 1763 3945 Praesentia
1786 3913 1979 3943 Notariorum
1998 3912 2149 3951 Testiurn,
2166 3915 2238 3950 juxra
2252 3919 2284 3949 &
2297 3920 2397 3950 secun-

1345 3959 1418 3988 dum
1439 3956 1499 3986 vim
1518 3954 1641 3983 formam
1663 3952 1696 3982 &
1720 3951 1856 3982 effectum
1878 3951 2040 3989 hujusmodi
2063 3952 2231 3993 Tra&atus,
2247 3956 2345 3988 debito
2363 3961 2396 3991 &

1345 4002 1476 4031 congruo
1487 3992 1615 4023 exhibito
1630 3989 1754 4021 Honore
1773 3989 1948 4026 Requirendi
1963 3990 1995 4020 &
2010 3989 2224 4031 Interpellandi,

1383 4033 1548 4069 Caeteraque
1568 4027 1665 4060 omnia
1686 4028 1718 4059 ὃ(
1742 4027 1843 4066 singula
1859 4027 1992 4058 Faciendi
2007 4028 2039 4058 &
2054 4029 2225 4068 Expediendi
2241 4042 2303 4069 quae
2317 4036 2395 4065 circa

1343 4070 1600 4110 Confirmationem
1614 4091 1624 4105 ,
1648 4065 1915 4099 Renunciationem
1944 4066 1977 4098 ὃς
2004 4065 2163 4104 juramenti
2187 4069 2398 4139 Praestationfim

2369 4119 2401 4139 u-
