2542 4274
0 224 84 286 Zia.

0 297 46 330 (eg.

1 2624 67 2654 XV.

0 2673 45 2700 47·

108 99 189 147 164

79 199 86 206 .
106 180 198 211 demis
212 179 343 213 conciti
358 177 449 210 nostri
468 177 540 210 infra
560 160 855 217 Principalitatem'&
877 172 1023 206 Mammas
1037 166 1173 204 waniae,

107 219 219 259 plenius
233 218 410 250 considentes
419 241 429 256 ,

148 258 195 289 De
216 258 398 288 Avisamento
419 255 549 287 Concilii
572 253 681 293 nostri,
699 264 734 286 ac
753 263 788 286 ex
801 261 877 285 certa
892 250 1017 283 Scientia
1034 248 1070 291 ὃς
1091 253 1175 289 mero

110 295 200 327 Motu
225 295 328 326 nostris
342 319 352 334 ,
384 295 581 335 affignavirnus
606 293 727 324 fecimus
751 292 948 324 ordinavimus
979 285 1179 330 constituimus

110 336 144 366 &
160 334 385 373 Deputavimus,
405 343 438 364 ac
455 343 503 371 per
516 331 669 363 Praesentes
683 331 850 371 affignamus
871 329 1001 370 facimus·
1012 324 1180 355 ordinamus

110 372 309 404 constituimus
321 373 354 404 &
370 372 538 411 deputamus
551 370 641 408 ipsum
656 371 804 401 Henricum
817 368 914 407 Sidney
935 364 1063 397 Militem
1086 363 1181 399 Depu-

109 419 202 442 tatum
219 411 337 451 nostrum
359 410 520 441 Generalem
535 413 619 447 Regni
632 409 715 449 nqslri
730 408 872 438 Hiberniae
878 431 888 444 ,

148 450 325 481 Habendum
342 450 501 481 tenendum
517 448 697 488 gaudendum
712 445 919 477 excercendum
935 437 1179 478 &occupandum

111 489 256 557 Offldqm
277 488 467 558 prffdidium,
483 487 603 526 praefato
623 489 741 517 Henrico
755 484 851 523 Sidney
867 482 972 519 Militi,
990 480 1105 510 durante
1127 476 1179 506 Be—

111 538 148 559 ne
179 537 256 559 acito
271 538 309 559 no
337 538 369 558 ro

149 538 260 598 {antes
282 568 315 599 &
338 550 530 597 coiicedentes
545 563 637 594 eidem
653 566 793 601 Deputato
809 560 896 600 nostro
914 555 1042 590 Generali
1064 555 1178 594 plenam

109 613 211 636 tenore
225 606 413 637 Praesentium
430 603 605 635 potestatem
621 601 654 631 ad
672 601 777 632 Pacem
796 600 924 631 nostram
940 608 974 629 ac
988 596 1022 627 ad
1039 595 1064 625 L
1102 603 1129 624 es
1145 593 1180 623 &

111 643 341 676 Consuetudines
369 643 465 682 Regni
486 640 572 672 nostri
596 640 725 678 praedidti
750 638 971 670 custodiendum
992 637 1025 667 δε
1042 637 1092 663 cui
1106 631 1181 675 odiri

109 682 294 722 faciendum,
313 685 346 716 ὃς
362 683 397 714 ad
412 690 513 713 omnes
529 680 562 710 &
577 678 699 718 singulos
720 678 823 717 Ligeos
843 677 974 714 nostros,
998 681 1057 704 tam
1074 671 1178 708 Angli-

108 731 161 753 cos
177 725 262 760 quam
287 722 464 753 Hibernicos
484 718 555 748 dicti
579 717 676 757 Regni
698 716 806 755 nostri,
825 727 858 747 ac
878 716 947 747 alios
965 712 1180 754 quoscumque,

109 770 161 801 per
177 763 237 792 Nos
250 762 295 793 seu
313 761 424 790 dicium
441 761 611 797 Deputatum
625 755 741 796 nostrum
757 755 799 786 Sti
820 754 1003 790 endiatos,&
1020 751 1083 781 alias
1098 749 1179 786 quai-

112 810 239 839 cumque
255 799 388 832 Personas
400 796 508 828 ibidem
524 804 625 826 contra
642 795 713 825 Nos
729 803 774 825 aut
815 804 895 824 acem
919 792 1012 829 Leges
1034 791 1066 821 δε
1093 788 1179 818 Con-

109 840 268 871 suetudines
281 836 429 876 praedietas
443 834 688 874 qualitercumque
701 833 895 871 delinquentes
910 832 944 863 δε
957 828 1179 871 contravenien-

109 887 169 917 tes,
187 880 258 909 ‘uxta
273 886 372 908 eorum
388 875 536 906 Demerita
557 872 714 904 secundum
740 872 851 908 Legem
876 871 907 902 &
931 867 1178 900 Consuetudinem

110 927 168 956 prae
190 917 275 956 ictas,
292 916 344 946 viis
358 915 391 946 ὃ(
408 913 502 944 modis
525 912 625 950 quibus
647 910 748 941 melitis
768 920 822 947 pro
843 909 965 940 Honore
985 909 1018 939 ὃς
1039 905 1177 950 Ρτοῆσυᾳ

110 955 213 987 nostris
234 954 293 986 fieri
317 953 439 992 poterit,
464 953 552 990 quam
571 959 624 987 pro
647 950 722 979 bona
746 947 967 979 Gubernatione
984 946 1054 977 dieti
1076 944 1178 981 Regni

107 994 196 1026 nostri
210 1004 243 1025 ac
259 993 418 1030 Ligeorum
435 991 467 1022 &
490 988 677 1020 Subditorutn
702 987 864 1018 nostrorum
889 986 1019 1024 ibidem,
1031 985 1110 1023 juxta
1129 983 1175 1014 di-

107 1033 279 1066 scretionem
295 1031 365 1062 dieti
378 1032 515 1066 Deputati
527 1026 629 1066 nostri,
648 1025 847 1065 castigandum
862 1027 894 1057 ὃς
918 1023 1114 1064 puniendum,
1140 1031 1174 1052 ac

107 1072 202 1112 puniri
215 1073 247 1103 &
266 1069 396 1106 castigari
412 1066 593 1104 faciendum,

144 1110 277 1142 Necnon
303 1107 504 1139 Ordinationes
524 1105 557 1135 &
585 1104 690 1135 statuta
704 1113 757 1141 pro
781 1103 857 1135 salvo
872 1104 905 1134 ὃ(
920 1103 1001 1133 bono
1017 1100 1172 1140 Regimine

106 1149 201 1189 Regni
222 1147 310 1179 nostri
325 1145 473 1187 praediffi,
489 1145 567 1183 juxta
582 1143 786 1174 avisamentum
804 1142 932 1173 Concilii
946 1140 1036 1172 nostri
1051 1139 1171 1176 ibidem,

104 1188 295 1220 ordinandum
312 1184 495 1217 statuendum
511 1192 545 1214 ac
562 1180 760 1212 stabiliendum
770 1204 780 1220 ,
798 1190 832 1212 ac
846 1181 993 1219 superinde
1007 1179 1171 1210 Proclama-

104 1229 194 1260 tiones
208 1225 373 1258 faciendum
393 1223 545 1262 debiteque
557 1220 729 1251 Executioni
748 1219 1001 1257 demandandum,
1028 1227 1061 1248 ac
1087 1217 1170 1255 quos-

104 1275 228 1306 cumque
244 1263 451 1302 Delinquentes
465 1262 498 1292 &
514 1259 769 1290 Contravenientes
781 1258 980 1297 castigandum
995 1258 1028 1289 &
1045 1258 1173 1287 incarce-

105 1304 225 1337 randum
240 1311 323 1343 atque
337 1304 523 1333 incarceratos
536 1298 704 1330 solvendum
721 1298 755 1328 &
777 1297 994 1329 deliberandum
1005 1319 1014 1334 ‚

142 1343 273 1375 Necnon
295 1341 330 1372 ad
349 1339 545 1380 recipiendum
568 1338 601 1368 &
625 1337 854 1375 admittendum,
879 1345 928 1376 per
950 1335 1062 1366 dicitum
1087 1332 1173 1364 avisa-

104 1392 235 1414 mentum
258 1380 387 1412 Concilii
407 1377 510 1416 nostri,
529 1376 564 1408 ad
585 1375 687 1406 Fidem
709 1375 742 1405 ὃς
764 1375 873 1406 Pacem
893 1373 1022 1405 nostram
1037 1383 1096 1404 tam
1111 1373 1172 1403 An-

123 1422 192 1453 licos
212 1421 302 1461 quarn
326 1418 521 1456 bhbernicos,
543 1425 576 1446 ac
598 1414 665 1445 alios
687 1413 884 1453 quoscumque
907 1413 977 1444 infra
1000 1412 1171 1451 praedietum

101 1432 241 1500 Regnum
255 1458 384 1490 nostrum
400 1455 551 1486 Hiberniae
574 1453 760 1484 inhabitantes
780 1453 824 1483 vel
846 1461 1074 1489 commorantes,
1094 1450 1174 1480 inha-

103 1500 236 1531 bitandos
251 1499 297 1530 seu
312 1494 554 1532 commorandos,
572 1494 619 1532 qui
638 1491 862 1530 Nobis,nostris
884 1492 1009 1527 Legibus
1023 1491 1078 1521 iive
1087 1488 1172 1520 Con-

103 1539 297 1571 suetudinibus
311 1534 455 1575 praedietis
469 1532 605 1565 Rebelles
619 1532 654 1563 &
671 1530 818 1563 Contrarii
830 1531 975 1562 extiterint
991 1539 1037 1560 aut
1051 1528 1172 1560 existunt

126 1579 151 1609 el
166 1577 285 1609 existent

104 1589 124 1611 v
143 1616 180 1647 Et
196 1616 231 1647 ad
244 1601 465 1647 con‘cedendum
479 1609 644 1642 faciendum
660 1609 694 1641 ὅ(
709 1608 853 1647 dandum,
872 1619 921 1647 pet
942 1606 1102 1647 hujusmodi
1123 1605 1173 1636 ad-

104 1656 310 1695 visamenturn‚
329 1654 443 1692 plenam
458 1650 700 1682 Pardonationem
719 1647 930 1678 Remiffionem
955 1646 1172 1678 Relaxationem

105 1694 308 1726 Obolitionem
329 1694 363 1724 &
387 1690 606 1721 Absolutionem
619 1711 628 1725 ,
649 1695 708 1718 tam
730 1687 888 1725 generalem
903 1686 992 1725 quam
1007 1684 1173 1722 specialem,

104 1735 155 1767 sibi
166 1756 175 1772 ,
193 1734 226 1764 ὃ(
241 1741 341 1764 eorum
355 1730 473 1762 cuilibet
487 1726 648 1766 hujusmodi
664 1725 905 1756 Pardonationem
929 1724 1035 1762 petenti
1057 1732 1103 1754 aut
1124 1722 1174 1754 ha-

106 1772 173 1805 bere
188 1772 312 1809 volenti,
331 1781 365 1801 ac
383 1769 490 1800 see'cam
507 1766 589 1796 Pacis
604 1763 707 1795 nostrae
723 1774 788 1803 quae
809 1763 844 1793 ad
867 1763 937 1793 Nos
958 1763 1094 1803 pertinet,
1114 1771 1173 1791 tam

105 1822 159 1851 pro
183 1809 362 1842 Homicidiis
385 1807 520 1839 Roberiis
542 1805 575 1837 ὅ(
599 1803 721 1834 Feloniis
744 1802 888 1840 Murdris,
909 1801 1045 1839 Raptibus
1063 1799 1172 1830 Mulie-

106 1861 189 1888 rum,
213 1848 398 1885 Latrociniis,
416 1845 486 1877 falsis
508 1843 732 1882 Allegationibus
749 1864 759 1879 ,
794 1840 1015 1871 Adhaesionibus
1042 1838 1173 1869 Inimici-

104 1890 149 1923 tiis
166 1889 321 1925 Utlagariis
333 1888 366 1918 &
382 1881 680 1920 Transgreffionibus,
696 1879 780 1918 quam
802 1878 1028 1916 Contemptibus
1054 1877 1173 1908 Forisfa-

104 1930 192 1962 &uris
204 1928 237 1960 &
251 1926 308 1956 aliis
322 1923 448 1955 Offensts
459 1920 706 1961 quibuscumque,
722 1918 750 1947 in
765 1918 844 1948 disto
862 1917 972 1954 Regno
987 1916 1105 1955 nostro,
1121 1927 1170 1954 per

104 1968 209 2006 aliquas
223 1963 386 2004 hujusmodi
401 1961 538 1994 Personas
549 1967 612 1989 ante
629 1959 692 1988 haec
711 1966 841 1994 tempora
858 1956 938 1986 ficiis
954 1957 1011 1986 sive
1032 1954 1171 1993 imposte-

106 2008 171 2039 rutn
188 2004 338 2042 faciendis,
357 2003 391 2034 ὃς
407 2001 520 2032 firmam
536 1996 643 2029 Pacem
661 1995 788 2026 nostram
804 1997 843 2025 eis
859 1996 892 2026 ὃς
914 2004 1015 2025 eorum
1039 1995 1174 2033 cuilibet,

109 2056 159 2085 per
175 2045 282 2076 Literas
299 2042 406 2072 nostras
423 2041 570 2076 patentes,
588 2036 640 2067 sub
657 2034 773 2072 Magno
794 2033 896 2073 Sigillo
919 2033 1018 2063 nostro
1039 2042 1097 2070 quo
1120 2035 1174 2063 uti-

110 2094 175 2116 mur
198 2085 227 2114 in
252 2082 361 2118 Regno
391 2079 490 2110 nostro
514 2075 663 2114 1praedic⁶to
680 2098 689 2112 ,
720 2075 750 2103 in
768 2072 863 2103 forma
884 2072 980 2102 debita
1011 2071 1176 2103 conceden-

111 2123 183 2155 dum
207 2120 374 2152 donandum
395 2120 428 2151 &
448 2113 664 2148 deliberandum
681 2137 692 2152 ,
721 2122 755 2143 ac
780 2112 866 2142 etiam
884 2111 999 2142 eosdem
1014 2134 1023 2149 ,
1057 2111 1177 2151 aliosque

109 2161 322 2201 quoscumque,
348 2168 381 2188 ac
406 2157 487 2187 Fines
507 2155 540 2185 &
564 2152 794 2190 Redemptiones
820 2160 872 2188 pro
893 2149 1056 2188 hujusmodi
1072 2149 1178 2180 Offen-

111 2202 144 2232 sis
157 2201 189 2233 &
205 2207 306 2230 eorum
322 2196 508 2238 quibussibet,
526 2193 573 2233 qui
597 2191 681 2222 Fines
703 2190 737 2221 &
762 2189 989 2227 Redemptiones
1014 2189 1108 2220 facere
1125 2188 1178 2220 de—

112 2241 231 2271 buerunt
244 2237 289 2268 seu
305 2236 473 2272 voluerunt,
493 2233 551 2263 reci
573 2229 693 2261 lendum
716 2229 749 2261 &
771 2228 971 2265 accipiendum
1006 2229 1039 2259 δε
1063 2228 1176 2267 singulis

110 2277 256 2315 Personis,
273 2276 352 2314 juxta
376 2275 466 2314 Leges
489 2271 521 2302 &
567 2268 763 2311 onsuetudines
787 2267 951 2306 praedieias,
970 2251 1115 2305 justitiam
1139 2266 1181 2297 fa-

112 2316 270 2353 ciendum,
287 2324 321 2345 ac
345 2314 431 2345 etiarn
455 2311 490 2342 ad
504 2312 644 2341 univerios
659 2308 692 2338 ὅ(
715 2306 855 2343 singulm,
875 2314 932 2336 tarn
957 2306 1094 2344 Anglicos
1117 2305 1177 2336 Re·

114 2357 201 2388 belles
227 2355 313 2393 quam
335 2352 509 2384 Hibernicos
535 2348 605 2379 dieti
634 2346 729 2385 Regni
751 2343 858 2382 nostri,
892 2354 925 2375 ac
949 2345 1015 2375 alios
1034 2345 1182 2383 quoscum«

139 2405 174 2427 ue
198 2395 273 2425 idem
296 2393 439 2430 Regnum
463 2386 597 2420 nostrum
620 2383 806 2423 imposterum
829 2383 994 2414 invadentes
1035 2393 1069 2415 ac
1092 2384 1181 2423 ipsum

118 2406 259 2473 Regnum
279 2431 410 2463 nostrum
426 2426 544 2459 nostros
559 2436 593 2457 ue
606 2424 741 2455 Subditos
753 2421 876 2466 ejusdem
891 2422 987 2459 deprae
1009 2433 1054 2453 are
1070 2433 1185 2460 guerra-

116 2484 146 2507 re
153 2473 199 2504 seu
215 2472 270 2504 alio
286 2470 378 2502 modo
389 2467 525 2499 distruere
551 2475 585 2495 eu
594 2462 738 2494 devastare
751 2461 977 2498 intendentes-,sc
986 2461 1033 2499 Se,
1039 2462 1116 2498 juxta
1127 2461 1182 2492 Le-

115 2522 163 2553 ges
178 2513 212 2543 &
229 2509 456 2542 Consuetudines
468 2499 775 2544 praedietas,justificari
791 2500 928 2538 volentes,
937 2500 955 2529 ii
968 2500 1080 2530 necesse
1098 2500 1181 2531 fuerit

116 2561 186 2584 cum
194 2549 337 2582 Potestate
344 2545 551 2584 nostraRegia,
558 2552 592 2573 ac
609 2541 666 2571 aliis
680 2541 733 2569 viis
749 2538 783 2569 &
799 2538 893 2569 modis
905 2539 1005 2582 quibus
1013 2539 1113 2570 melitis
1121 2538 1180 2570 fieri

117 2591 240 2630 poterit,
255 2589 332 2628 juxta
347 2595 449 2617 eorum
463 2582 614 2615 Demetita
630 2578 806 2618 puniendum
816 2599 827 2615 ,
847 2578 879 2609 ὃ(
894 2580 913 2607 {1
929 2588 1002 2615 opus
1017 2577 1102 2608 fuerit
1119 2578 1183 2608 ulti-

114 2639 167 2661 mo
181 2628 329 2666 Supplicio
341 2621 573 2657 demandandum
582 2643 591 2658 ,
612 2620 628 2637 ‘¹‘
649 2628 682 2649 ac
697 2617 831 2648 Subditos
844 2615 955 2646 nostros
963 2617 1084 2654 proinde
1097 2626 1182 2647 com-

116 2668 299 2701 movendum
313 2661 537 2697 convocandum
551 2661 584 2691 &
602 2656 772 2694 levandum,
791 2655 824 2687 &
839 2664 907 2685 cum
931 2655 1036 2686 eisdem
1057 2654 1183 2686 Subditis

115 2706 237 2745 nostris,
255 2705 293 2736 iic
307 2704 404 2735 levatis
417 2709 516 2733 contra
531 2698 625 2729 dictos
641 2695 773 2726 Rebelles
795 2693 1062 2736 congrediendum,
1080 2694 1181 2734 eoiqtie

115 2744 311 2778 invadendum
326 2740 500 2773 vincendum
518 2739 551 2769 ὃς
566 2734 761 2774 castigandum
772 2756 782 2771 ,
799 2733 832 2763 &
848 2743 866 2762 n
883 2742 954 2770 opus
977 2732 1058 2763 fuerit
1079 2732 1183 2763 Tel-ms

116 2785 240 2823 ipsorum
253 2782 313 2813 aliis
327 2782 378 2820 qui
394 2779 494 2810 Nobis
508 2777 606 2807 servire
621 2773 721 2804 volunt
738 2773 770 2802 ὃ(
785 2770 953 2809 intendunt,
976 2772 1011 2802 de
1028 2770 1183 2802 avisamen-

115 2833 149 2857 ιο
175 2821 312 2867 ρτκόἰᾶὶο
328 2843 338 2859 ,
373 2816 529 2849 locandum
552 2816 585 2846 ὃς
611 2809 814 2843 dimittendum
829 2833 839 2848 ‚
877 2810 910 2854 ᾃ
935 2810 1019 2840 etiam
1052 2820 1120 2840 cum
1145 2812 1185 2841 eis

117 2860 329 2901 pacificandum
347 2859 381 2890 &
401 2856 507 2887 Pacem
525 2851 763 2890 componendum
781 2872 792 2886 ,
828 2858 861 2879 ac
886 2848 957 2886 ipsos
983 2848 1052 2879 Paci
1078 2847 1183 2879 nostrae

117 2898 335 2934 reformandum
355 2895 438 2927 toties
456 2893 565 2930 quoties
578 2892 608 2921 in
624 2887 776 2920 Praemisiis
791 2887 835 2917 vel
856 2888 931 2917 circa
946 2897 980 2917 ea
997 2897 1070 2925 opus
1087 2887 1183 2926 fuerit,

155 2937 273 2971 Proviso
288 2944 386 2967 tamen
400 2933 509 2971 semper
525 2929 606 2968 quod
617 2930 697 2967 super
712 2926 866 2965 quamlibet
881 2925 965 2956 talem
975 2925 1182 2957 Dimiffionem

118 2981 153 3012 &
168 2977 373 3012 Locationem,
393 2982 440 3013 per
457 2968 603 3009 praefatum
620 2969 765 2998 Henricum
779 2965 872 3006 sidney
892 2964 1018 2995 Militem
1033 2975 1065 2994 ac
1081 2965 1181 3002 praedi·

120 3019 203 3051 &um
217 3015 443 3046 advisamentum
461 3008 589 3040 Concilii
611 3005 702 3036 nostri
724 3004 871 3042 praedicti,
891 3002 1096 3042 imposterum,
1123 3005 1181 3033 vir-

120 3066 181 3089 tute
202 3056 306 3086 harum
329 3052 488 3082 Literarum
510 3046 672 3078 nostrarum
692 3043 872 3085 Patentium,
903 3040 1026 3080 fiendas,
1058 3043 1182 3072 annualis

120 3095 262 3126 Redditus
275 3089 422 3129 superinde
435 3087 545 3118 debitus
565 3085 597 3116 sit
616 3083 715 3114 Nobis
735 3081 904 3113 Haeredibus
921 3081 955 3111 &
968 3080 1183 3112 Succelioribus

119 3134 223 3168 nostris
236 3130 362 3162 omnino
376 3126 522 3158 reservatus
530 3149 540 3165 ‚

157 3171 267 3203 Damus
280 3169 388 3206 insuper
403 3166 436 3196 &
451 3163 640 3195 concedimus
653 3160 747 3191 eidem
770 3163 908 3201 Deputati
932 3156 1019 3201 nestro
1039 3157 1185 3198 Generali,

120 3211 240 3242 Tenore
252 3206 455 3242 Praesentium,
473 3203 584 3241 plenam
600 3199 772 3231 Potestatem
789 3200 821 3229 &
838 3198 1065 3235 Auc‘toritatem,
1083 3206 1186 3227 omnes

120 3250 318 3285 Proditiones,
336 3253 453 3276 necnon
471 3241 597 3272 Felonias
614 3238 750 3276 Murdra,
767 3236 874 3276 Raptus
891 3234 1050 3265 Mulierum
1066 3235 1184 3273 ibidem,

121 3299 158 3320 ac
171 3290 234 3320 alias
250 3285 352 3317 Causas
375 3284 408 3314 &
424 3281 556 3313 offensas
579 3277 787 3317 quascumque,
805 3285 853 3319 per
872 3274 1008 3304 Subditos
1029 3273 1185 3317 nostrose-

121 3327 233 3368 jusdem
255 3324 355 3361 Regni
375 3321 464 3352 nostri
487 3320 533 3350 vel
552 3319 620 3349 alios
643 3316 751 3346 ibidem
774 3313 939 3349 reiidenteS,
958 3311 1109 3342 commiffa
1129 3316 1184 3344 iive

124 3363 332 3397 committenda
347 3359 574 3400 (proditionibus
594 3355 741 3387 Personam
762 3351 889 3396 nostram
911 3350 1046 3381 Haeredes
1067 3352 1100 3382 &
1115 3351 1186 3382 Suc-

127 3403 248 3435 cessores
271 3400 381 3432 nostros
403 3398 598 3436 tangentibus,
617 3395 649 3425 &
672 3394 873 3434 Fabricatione
892 3388 966 3433 falsae
980 3388 1111 3419 Monerae
1128 3399 1189 3420 tan-

128 3441 283 3474 tummodo
297 3439 430 3476 exceptis)
449 3434 623 3475 pardonandi
645 3431 778 3462 abolendi
801 3427 963 3460 remittendi
979 3427 1012 3458 &
1033 3429 1190 3469 relaxandi,

131 3481 288 3518 Literasque
319 3477 423 3508 nostras
453 3476 582 3507 Patentes
605 3472 656 3502 sub
683 3470 763 3501 dieto
790 3468 890 3511 Sigillo
917 3465 1017 3510 nostro
1043 3466 1190 3504 superinde

129 3521 303 3558 cuicumque
323 3515 453 3548 Personae
468 3514 566 3553 Regni
582 3510 671 3542 nostri
689 3507 817 3547 praeditsti
844 3505 978 3550 Nomine
996 3504 1099 3534 nostro
1118 3516 1192 3536 con-

131 3558 253 3590 cedendi
277 3554 475 3592 componendi
494 3576 504 3591 ,
541 3553 574 3584 &
598 3550 634 3580 ad
659 3547 769 3579 easdem
794 3543 982 3582 Sigillandum
998 3541 1190 3587 *Cancellatio

132 3597 230 3627 nostro
252 3595 297 3628 vel
321 3592 443 3624 Custodi
469 3590 560 3629 Sigilli
585 3587 675 3620 nostri
701 3583 852 3617 mandandi
877 3581 1005 3614 tradendi
1029 3583 1063 3614 &
1083 3582 1190 3615 delibe-

147 3636 211 3666 andi

133 3646 146 3667 ι
172 3658 284 3706 Da'rnus
297 3679 430 3710 praeterea
441 3669 475 3699 &
489 3665 676 3698 concedimus
690 3663 784 3694 eidem
801 3664 940 3704 Depictato
957 3658 1043 3703 nostra
1062 3659 1192 3690 Gener-ali

152 3714 245 3746 lenam
260 3709 433 3742 Potestatem
447 3709 480 3738 &
495 3705 728 3737 Auethoritatem
747 3699 869 3742 faciendi
889 3698 1039 3736 deputandi
1062 3699 1095 3730 ὅ(
1117 3709 1190 3729 con-

131 3723 262 3782 intuendi
282 3748 477 3789 quoscumque
499 3743 666 3775 Officiarios
687 3738 798 3783 nostros
820 3739 892 3768 inti-a
907 3736 1045 3781 Regnum
1058 3736 1188 3768 nostrum

129 3789 295 3828 praediCium
307 3810 316 3825 ,
333 3787 495 3817 habendum
509 3785 549 3813 eis
563 3785 596 3815 ὅτ,
611 3789 712 3812 eorum
727 3778 844 3809 cuilibet
858 3785 893 3806 ac
909 3775 1076 3813 quibussibet
1086 3786 1190 3807 eorum

135 3828 252 3858 durante
266 3826 443 3864 Beneplacito
458 3822 556 3854 nostro
567 3845 576 3860 ,
591 3822 649 3852 una
662 3828 733 3850 cum
753 3816 858 3860 vadiis,
871 3813 972 3845 Feodis
993 3813 1027 3844 ὃς
1050 3812 1190 3853 Regardis

133 3864 240 3897 eisdem
255 3863 370 3894 Officiis
381 3864 426 3894 vel
441 3863 557 3899 antiquo
572 3859 676 3891 debitis
689 3857 722 3888 &
735 3854 892 3891 consuetm,
911 3891 927 3896 ..
1025 3890 1030 3895 ⁸
1053 3891 1059 3896 ⁵
1095 3892 1101 3896 .

170 3902 283 3933 Officiis
308 3901 477 3932 Cancellarii
501 3898 680 3930 Thesauratii
711 3892 928 3935 Subthesaurarii
960 3889 1123 3934 justiciano
1154 3902 1188 3922 u-

130 3942 201 3974 trius
215 3950 250 3972 ue
274 3939 358 3969 Banci
382 3949 416 3969 ac
441 3938 577 3976 Capitalis
595 3935 712 3967 Batonis
737 3929 991 3973 Scaccariipostri
1010 3951 1021 3967 ,
1056 3930 1089 3960 &
1111 3929 1188 3960 Offi-

128 3984 178 4011 cio
195 3952 334 4017 civltigistri
352 3976 526 4008 Rotulorum
543 3975 668 4015 ejusdem
693 3972 790 4012 Regni
806 3969 895 4002 nostri
919 3968 1124 4001 tantummodo
1140 3977 1192 3999 ex·-

128 4020 218 4058 ceptis
228 4040 235 4051 2

579 70 1389 134 CONVENTIONES‚'
1447 67 1828 125 LITERAE,

1251 159 1454 192 Concessimus
1468 160 1553 190 etiam
1566 158 1688 198 praefato
1701 160 1843 203 Depqtato
1856 155 1943 197 nostro
1958 154 2088 188 Generali
2103 150 2277 188 Potestatem
2292 142 2369 175 Ann-
2383 141 2428 175 Dss

1214 200 1330 231 durante
1352 198 1533 237 Beneplacito
1555 198 1673 243 nostro,
1699 206 1797 227 omnia
1818 189 1957 226 Beneficia
1978 195 2190 227 Ecclefiastica‚
2216 199 2277 222 tam

1215 246 1311 270 curata
1325 239 1413 277 quam
1430 248 1490 268 non
1505 246 1615 275 curata;
1640 235 1792 274 Videlicet,
1810 234 1936 265 vicarias
1957 233 2121 266 Parsonatus
2141 230 2279 263 Praeben-

1217 278 1266 308 das
1281 277 1425 309 Cantarias
1440 276 1608 315 Capellarias
1623 275 1782 315 Dignitates
1793 273 2062 313 Archidiaconatus,
2075 276 2108 306 &
2124 272 2175 303 alia
2190 269 2280 301 Bene-

1215 316 1278 347 ficia
1295 325 1502 360 quaecumque,
1525 314 1781 353 (nominationibus
1802 312 2089 350 Archiepiscoporum
2110 311 2143 343 &
2164 309 2282 350 Episco-

1215 364 1322 393 porum
1335 355 1471 393 exceptis)
1493 363 1549 386 tam
1565 355 1594 384 in
1609 353 1742 384 Ecclefiis
1757 351 1973 382 Cathedralibus
1994 352 2079 389 quarn
2095 348 2280 387 CollegiatiS,

1215 395 1245 424 in
1264 402 1451 432 quocumque
1464 393 1532 424 loco
1546 392 1619 423 infra
1638 392 1775 432 Regnum
1794 390 1924 421 nostrum
1947 389 2115 427 praedic‘tum
2135 395 2281 429 quocum-

1218 443 1275 471 que
1288 431 1391 462 Titulo
1404 432 1464 470 jam
1477 432 1620 469 vacantia,
1639 431 1685 461 seu
1699 429 1886 468 imposterum
1899 438 1933 460 ex
1946 437 2125 468 quacumque
2140 426 2219 459 causa
2231 435 2282 456 va-

1218 472 1277 502 cari
1292 471 1509 509 contingentia,
1527 473 1560 503 &
1579 471 1614 501 ad
1636 469 1890 500 Praesentationem
1916 466 2116 498 Collationem
2136 468 2191 497 five
2214 464 2282 495 Do-

1218 511 1366 540 nationem
1381 509 1509 540 nostram
1526 518 1712 549 quocumque
1726 507 1817 538 modo
1830 507 2000 545 spectantia,
2025 505 2153 536 Personis
2171 504 2280 535 idoneis

1217 548 1319 588 quibus
1332 548 1381 578 sibi
1395 546 1530 586 placuerit
1544 547 1630 579 dandi
1644 545 1824 578 concedendi
1839 547 1871 577 &
1886 545 2073 582 conferendi,
2082 546 2115 577 &
2129 542 2164 574 ad
2179 543 2279 576 eadem

1218 588 1319 618 omnia
1333 588 1365 617 &
1383 588 1629 626 singula,quorum
1644 586 1676 616 ad
1688 585 1757 616 Nos
1764 584 1993 616 Praesentationes
2009 582 2133 622 spectant
2148 584 2181 615 &
2199 584 2283 620 perti·

1217 636 1296 664 nent,
1305 626 1539 666 praesentandi,ac
1548 626 1657 657 Statum
1666 625 1698 656 &
1710 623 1915 655 Poffeffionem
1923 625 2058 653 onmium
2069 623 2102 653 &
2109 621 2283 661 singulorum

1217 666 1283 703 qui,
1298 665 1335 695 de
1350 666 1488 703 aliquibus
1501 664 1645 696 Beneficiis
1659 661 1878 700 Ecclesiasticis,
1898 671 1957 692 tam
1975 661 2171 699 Dignitatibus
2192 662 2285 698 quam

1214 704 1270 734 aliis
1292 703 1435 735 Beneficiis
1456 703 1557 735 nostris
1579 701 1778 734 Eccleiiasticis
1799 701 2026 741 quibuscumque
2040 722 2051 739 ,
2084 698 2284 731 Poffeffionati

1215 741 1352 782 existunt,
1373 741 1529 774 ratificandi
1542 741 1719 781 approbandi
1734 742 1767 773 &
1783 739 1991 777 confirmandi,
2008 749 2042 770 ac
2064 737 2214 779 Privilegia
2229 738 2282 768 Li-

1215 782 1335 813 bertates
1357 780 1555 813 Immunitates
1578 782 1611 812 &
1636 779 1845 812 Conceffiones
1864 788 1914 817 per
1933 778 2155 810 Ptaedeceffores
2169 775 2282 808 nostros

1215 819 1412 864 quoscumque
1424 844 1434 860 ,
1452 830 1497 852 aut
1514 814 1621 859 aliqdcs
1635 820 1720 858 alios,
1739 827 1805 849 ante
1821 819 1884 849 baec
1902 827 2032 855 tempora
2044 817 2119 847 fasta
2141 816 2186 847 seu
2209 826 2282 847 con-

1214 860 1306 898 ceiia,
1322 869 1405 897 prout
1419 860 1515 890 eidem
1530 863 1686 898 Deputato,
1705 868 1754 896 per
1770 858 1991 888 advisamentum
2002 857 2034 887 &
2051 854 2282 886 asiensumCon-

1217 898 1275 928 cilii
1299 898 1386 928 nostri
1409 899 1439 928 in
1456 898 1565 936 Regno
1581 897 1677 928 nostro
1691 896 1846 934 praedic‘to,
1865 894 1964 926 melius
1985 895 2117 932 expedire
2141 894 2283 927 videbitur

1213 936 1368 968 ratificandi
1378 936 1562 977 approbandi
1577 938 1610 968 ὅ(
1628 935 1838 971 confirmandi,

1251 975 1455 1007 Conceliimus
1469 975 1578 1013 insuper
1592 975 1684 1006 eidem
1702 977 1843 1012 Deputato
1859 971 1947 1012 nostro
1961 971 2091 1002 Generali
2106 971 2283 1003 Potestatem

1213 1014 1374 1046 Fidelitates
1388 1014 1421 1045 ὃ(
1438 1014 1616 1045 Proviiiones
1631 1012 1869 1043 Renunciationis
1885 1010 2178 1049 Archiepiscoporum
2194 1010 2227 1041 &
2241 1010 2281 1040 E-

1211 1053 1398 1091 piscoporum
1425 1054 1454 1083 in
1473 1053 1579 1084 eodem
1598 1052 1703 1093 Regno
1722 1060 1853 1092 ternpore
1871 1050 2016 1087 praeterito
2042 1050 2097 1080 iive
2123 1048 2221 1079 futuro
2239 1048 2282 1079 fa-

1211 1092 1268 1123 &as
1292 1092 1433 1122 ordinatas
1457 1091 1490 1122 &
1516 1091 1663 1123 consuetas
1681 1113 1692 1130 ,
1730 1089 1898 1127 acceptandi
1923 1087 2048 1119 faciendi
2071 1087 2223 1118 ordinandi
2246 1088 2281 1119 &

1207 1130 1418 1200 09⁰.st³{dl¹.²¹²di>
1436 1140 1470 1161 ac
1485 1131 1584 1162 omnia
1598 1130 1650 1161 alia
1667 1129 1703 1161 ad
1724 1128 1793 1159 Nos
1811 1127 1928 1166 debita,
1947 1126 2083 1158 Nomine
2100 1125 2217 1166 nostro,
2236 1136 2281 1157 re-

1212 1179 1306 1207 cipien
1328 1180 1348 1200 i.

1244 1208 1356 1239 Eisdem
1376 1207 1607 1246 Archiepiscopis
1624 1205 1771 1247 Episcopis
1788 1206 1821 1237 &
1840 1204 1956 1237 cuilibet
1974 1214 2076 1235 eorum
2094 1203 2281 1245 Temporalia

1210 1247 1254 1278 sua
1271 1247 1452 1278 Cancellario
1467 1247 1567 1277 nostro
1582 1245 1680 1286 Regni
1695 1246 1783 1276 nostri
1818 1244 1928 1275 raedieti
1948 1243 2095 1274 deliberari
2116 1243 2287 1282 mandandi,

1209 1295 1280 1317 cum
1300 1286 1438 1317 onnibus
1460 1286 1493 1316 ὅτ
1517 1285 1633 1324 singulis
1653 1284 1768 1324 Juribus
1809 1284 2002 1314 molumentis
2022 1280 2160 1312 Proficuis
2175 1283 2208 1313 &
2221 1282 2286 1313 Re-

1212 1326 1413 1363 ventiotiibus,
1436 1325 1546 1355 ratione
1569 1325 1725 1355 vacationis
1747 1323 1895 1354 dictorum
1917 1320 2125 1352 Beneficiorum
2146 1320 2288 1359 Dignita-

1207 1372 1270 1395 tum
1285 1371 1340 1395 live
1358 1363 1514 1402 Episcopit
1528 1373 1617 1401 uum,
1636 1364 1722 1393 nobis
1740 1362 1897 1399 reservatis,

1249 1404 1296 1435 Ac
1311 1405 1397 1434 etiam
1414 1402 1595 1442 Homagium
1612 1403 1748 1432 omnium
1764 1401 1798 1432 &
1813 1400 1988 1438 singulorum
2009 1407 2067 1430 tam
2089 1398 2286 1436 spiritualium

1208 1444 1296 1482 quam
1320 1442 1544 1480 Temporaliutn
1566 1440 1745 1471 Tenentium
1769 1441 1803 1472 ὃς
1827 1438 2018 1470 Subditorum
2033 1437 2196 1469 nostrorum
2212 1447 2287 1476 quo-

1210 1491 1405 1519 rumcumque
1417 1481 1447 1511 in
1463 1480 1566 1519 Regno
1579 1479 1680 1511 nostro
1694 1479 1853 1517 praedidio,
1872 1476 2009 1508 Nomine
2023 1477 2124 1508 nostro
2142 1477 2284 1514 recipien-

1209 1520 1259 1559 di,
1274 1521 1307 1552 &
1331 1519 1437 1550 Terras
1461 1520 1494 1551 ὃ(
1516 1517 1700 1549 Tenementa
1722 1516 1769 1549 sua
1789 1517 1824 1549 de
1839 1516 2014 1547 Haereditate
2039 1516 2086 1546 sua
2105 1514 2288 1547 Cancellario

1213 1560 1314 1590 nostro
1328 1558 1476 1589 deliberari
1492 1557 1646 1588 mandandi
1659 1581 1667 1595 ,
1688 1556 1849 1595 Mariusque
1864 1554 1971 1586 nostras
1985 1555 2085 1586 exinde
2102 1554 2289 1593 removendi,

1214 1608 1247 1629 ac
1261 1598 1401 1629 Vistualia
1416 1595 1585 1627 sufficientia
1600 1597 1631 1626 ὃ(
1648 1594 1801 1626 neceffaria
1813 1605 1868 1633 pro
1881 1594 2004 1635 expensis
2019 1593 2147 1632 Hospitii
2165 1593 2205 1624 sui
2216 1603 2291 1634 prae-

1210 1637 1283 1667 dieti
1308 1638 1341 1667 δε
1364 1635 1433 1666 alios
1455 1631 1606 1664 Ministros
1627 1631 1646 1652 ¹*
1672 1633 1733 1663 suos
1757 1634 1811 1662 una
1834 1643 1905 1662 cum
1929 1632 2071 1670 Cariagiis
2083 1631 2289 1664 sufficientibus

1210 1685 1264 1715 pro
1284 1674 1390 1705 eisdem
1402 1696 1413 1712 ,
1432 1682 1490 1703 tam
1507 1672 1577 1701 infra
1599 1671 1754 1701 Libertates
1770 1680 1856 1708 quarn
1880 1678 1974 1708 extra,
1999 1680 2051 1708 pro
2077 1671 2211 1701 Denariis
2235 1671 2289 1702 suis

1211 1713 1412 1744 rationabiliter
1440 1709 1580 1740 solvendis
1605 1708 1785 1739 Providendi
1812 1708 1845 1738 δε
1861 1706 2005 1744 Capiendi
2019 1730 2029 1746 ‚
2057 1709 2135 1746 juxta
2162 1707 2289 1741 formam

1211 1751 1385 1783 Statutorum
1402 1751 1433 1780 in
1450 1747 1614 1787 hujuimodi
1632 1747 1847 1778 Provisionibus
1865 1753 1929 1776 ante
1951 1745 2016 1777 haec
2041 1753 2173 1784 tempora
2197 1746 2288 1779 facio-

1211 1801 1276 1821 rum
1287 1813 1297 1828 ,

1253 1829 1386 1860 Necnon
1403 1825 1438 1857 ad
1454 1825 1696 1857 summouendum
1713 1824 1746 1855 &
1763 1822 1939 1855 summoneri
1955 1821 2122 1853 faciendum
2141 1831 2226 1863 atque
2245 1833 2288 1858 te-

1211 1868 1339 1899 nendum
1349 1889 1359 1906 ,
1374 1865 1534 1898 secundum
1550 1864 1644 1902 Leges
1659 1865 1768 1895 statuta
1781 1864 1815 1894 ὃ(
1834 1861 2065 1892 Consuetudines
2084 1861 2112 1892 R
2149 1863 2179 1893 ni
2197 1863 2288 1897 nostri

1212 1907 1362 1945 praedicti,
1379 1915 1471 1936 unum
1487 1905 1620 1934 duntaxat
1640 1903 1863 1933 parliamentum
1877 1900 1992 1940 quando
2007 1900 2058 1931 fibi
2083 1911 2131 1931 me
2141 1902 2185 1932 itis
2204 1913 2288 1941 expe·

1209 1947 1265 1976 diri
1289 1945 1429 1977 videbitur
1439 1967 1448 1982 ,
1475 1942 1611 1974 consensu
1636 1950 1733 1973 tamen
1748 1940 1847 1971 nostro
1863 1941 1892 1970 in
1907 1949 1939 1971 ea
1955 1947 2033 1978 parte
2048 1940 2157 1980 semper
2171 1940 2288 1982 habito,

1215 1986 1248 2015 ὅ(
1264 1985 1298 2015 ad
1313 1984 1392 2015 idem
1406 1981 1628 2014 Parliamentum
1644 1980 1775 2011 nostrum
1788 1978 2005 2017 prorogandum
2021 1979 2054 2010 &
2076 1979 2288 2017 adjornandum

1210 2024 1316 2054 totiens
1336 2023 1468 2061 quotiens
1490 2030 1562 2059 opus
1587 2020 1689 2058 fuerit,
1710 2019 1743 2050 ὃς
1766 2018 1838 2049 infra
1853 2017 1925 2048 duos
1939 2017 2068 2048 Annosa
2084 2026 2213 2057 tempore
2234 2019 2286 2051 In—

1210 2063 1351 2100 ceptionis
1367 2061 1492 2100 ejusdem
1508 2061 1590 2098 piene
1604 2058 1813 2090 terminandam
1828 2056 2039 2088 dissolvendum
2056 2056 2089 2087 &
2104 2056 2284 2098 finiendum,

1211 2102 1245 2132 &
1258 2100 1454 2141 quoscumque
1471 2099 1508 2129 iic
1523 2099 1726 2129 Summonitos
1745 2095 1870 2129 absentes
1886 2095 1919 2128 δε
1935 2105 1996 2127 non
2018 2095 2165 2134 legittime
2187 2097 2284 2136 irnpe-

1211 2141 1286 2171 ditos
1298 2139 1495 2170 rnuldiandum
1512 2138 1545 2168 ec
1559 2137 1738 2177 puniendum
1748 2160 1757 2175 ,

1250 2178 1455 2210 Conceffimus
1479 2179 1562 2208 etiam
1584 2177 1665 2207 dicto
1688 2179 1828 2211 Deputato
1854 2172 1940 2214 nostro
1963 2173 2093 2204 Generali
2114 2174 2229 2213 plenam
2247 2175 2284 2208 δὲ

1209 2217 1399 2249 sufficientem
1414 2216 1591 2247 Potestaren,
1605 2215 1639 2247 &
1656 2215 1887 2246 Auciiioritatcm
1908 2213 1943 2244 ad
1957 2212 2147 2244 omnimodos
2163 2213 2287 2245 Officia-

1212 2259 1267 2287 rios
1283 2258 1333 2301 qui
1347 2255 1636 2299 suntbconiputabiles
1662 2254 1868 2291 (Thesaurario
1887 2253 1920 2284 &
1938 2251 2168 2283 Subthesaurario
2187 2251 2218 2282 R

1211 2295 1300 2327 nostri
1312 2296 1443 2334 praedicu
1458 2294 1606 2325 dumtaxat
1620 2295 1756 2331 exceptis)
1777 2302 1877 2323 coram
1893 2291 1998 2322 eisdem
2008 2291 2197 2322 Theiaurario
2210 2291 2286 2323 Sub-

1212 2335 1378 2366 theiaumrio
1395 2334 1428 2365 &
1451 2333 1605 2363 Batonibus
1619 2333 1655 2363 de
1668 2332 1821 2363 Scaccario
1835 2329 1933 2361 nostro
1955 2330 2051 2370 Regni
2074 2330 2164 2360 nostri
2181 2331 2287 2368 praedi-

1214 2374 1255 2405 <iti
1265 2396 1275 2411 ‚
1293 2383 1459 2411 computate
1480 2371 1665 2411 faciendum,
1681 2372 1714 2404 ὃς
1730 2370 1765 2402 ad
1779 2369 1940 2410 hujusmodi
1956 2378 2123 2407 coiqiputata
2145 2369 2286 2402 reddenda

1216 2412 1454 2452 compellendum
1464 2435 1472 2449 ,

1253 2451 1299 2482 Ac
1317 2453 1403 2482 etiam
1421 2451 1455 2481 ad
1475 2449 1675 2487 inquirendum
1695 2450 1740 2478 seu
1759 2449 1863 2486 inquiri
1881 2445 2062 2483 faciendum,
2091 2447 2146 2476 viis
2162 2446 2197 2476 δε
2217 2455 2284 2476 mo-

1214 2491 1257 2521 dis
1272 2491 1372 2528 quibus
1392 2490 1491 2520 melitis
1510 2488 1654 2519 videbitur
1671 2487 1721 2517 sibi
1739 2487 1890 2523 faciendis,
1905 2485 1942 2515 de
1979 2483 2183 2522 uibai‘cumque
2202 2485 2287 2515 bonis

1214 2531 1248 2562 &
1267 2530 1382 2560 Catallis
1400 2537 1465 2566 quse
1483 2528 1594 2558 fuerunt
1609 2526 1726 2557 illorum
1740 2525 1943 2555 Dom'morum
1971 2533 2006 2553 eu
2023 2523 2160 2560 aliorum,
2178 2533 2227 2560 qt..
2240 2533 2286 2553 er-

1215 2577 1251 2607 ga
1267 2568 1336 2597 Nos
1351 2569 1395 2598 seu
1413 2566 1610 2606 progenitores
1627 2564 1737 2595 nostros
1762 2563 1951 2593 foris-fecerint
1975 2561 2020 2591 vel
2039 2561 2233 2599 forisfacit-nt,
2251 2563 2287 2595 ὃς

1218 2609 1234 2638 a
1248 2607 1348 2638 Nobis
1363 2607 1512 2636 concelata
1526 2603 1646 2634 existunt
1662 2604 1707 2633 iel
1725 2601 1914 2639 imposterum
1931 2599 2064 2639 existent,

1255 2645 1293 2676 Et
1310 2646 1343 2675 ad
1359 2646 1458 2674 omnia
1483 2644 1535 2683 alia
1559 2644 1592 2674 &
1615 2642 1721 2678 singula
1736 2651 1801 2679 quae
1819 2640 1855 2671 ad
1871 2638 2015 2670 Officium
2032 2638 2173 2677 Deputati
2187 2639 2289 2672 Gene-

1220 2685 1283 2715 ralis
1300 2683 1388 2714 nostri
1399 2683 1468 2721 Jtire
1484 2681 1547 2712 Uiu
1560 2691 1593 2712 ac
1609 2679 1827 2711 Quinetudine
1839 2678 1941 2708 Terrae
1956 2676 2061 2708 nostrae
2070 2678 2213 2716 praedi&ae
2222 2689 2286 2717 per-

1219 2725 1310 2754 tinent
1327 2732 1373 2754 aut
1386 2723 1524 2762 pertinere
1539 2720 1691 2757 deberent,
1708 2721 1742 2751 &
1759 2728 1812 2756 pro
1829 2718 1908 2748 bono
1925 2716 2081 2754 Regimine
2094 2717 2127 2747 ὃ(
2148 2716 2289 2748 Salvatio-

2315 191 2400 221 1575·

2298 231 2340 258 ¹7·
2356 225 2428 257 Elia,

2330 265 2389 297 ως.

2301 1635 2322 1657 ⁴⁸
2349 1637 2416 1667 xv,

2330 1675 2397 1713 74⁸·

1220 2772 1276 2800 ne,
1294 2771 1326 2792 ac
1342 2771 1395 2799 pro
1414 2759 1543 2790 Custode
1559 2757 1640 2790 Pacis
1654 2758 1755 2788 Terrae
1771 2757 1876 2787 nostrae
1890 2755 2050 2792 praedictae,
2069 2757 2101 2786 δε
2116 2756 2210 2793 quiete
2229 2756 2288 2786 Po·
2333 2783 2338 2789 ,

1218 2802 1279 2840 puli
1294 2802 1382 2830 nostri
1396 2799 1508 2830 ibidem
1518 2821 1528 2836 ,
1543 2797 1816 2835 &Recuperatione
1826 2795 1941 2833 jurium
1956 2794 2118 2824 nostrorum
2133 2794 2162 2823 in
2178 2794 2286 2831 Regno

1217 2839 1315 2872 nostro
1331 2838 1498 2877 Hiberniae,
1516 2836 1666 2867 necessaria
1680 2836 1783 2866 fuerint
1801 2833 1892 2871 (salvis
1903 2832 1980 2871 super
1994 2831 2160 2868 Reservatis)
2180 2832 2288 2863 facien-

1217 2880 1252 2910 da
1267 2877 1440 2909 excercenda
1453 2878 1486 2908 ὃς
1502 2875 1675 2911 ordinanda,
1694 2883 1726 2904 ac
1742 2874 1828 2904 etiam
1845 2873 1943 2903 omnia
1956 2871 2007 2901 alia
2025 2869 2160 2901 Nomine
2182 2871 2284 2903 nostro

1219 2919 1252 2949 ὃς
1275 2927 1329 2955 pro
1353 2916 1456 2947 Nobis
1478 2916 1508 2945 in
1523 2913 1629 2945 eodem
1651 2913 1758 2952 Regno
1773 2910 1873 2942 nostro
1888 2909 2051 2940 faciendum
2071 2911 2288 2941 excercendum

1219 2959 1252 2989 ὅ(
1267 2955 1484 2994 exequendum,
1502 2953 1571 2983 sicut
1587 2952 1654 2983 Nos
1665 2951 1822 2982 faceremus
1839 2957 1885 2981 aut
1897 2950 1991 2979 facere
2015 2949 2172 2986 poterimus
2195 2949 2214 2979 ii
2229 2950 2288 2982 ibi-

1220 2996 1288 3026 dem
1304 2996 1334 3025 in
1351 2993 1465 3032 propria
1479 2991 1597 3030 persona
1613 2989 1709 3021 nostra
1721 2989 1861 3027 effimus,

1255 3033 1366 3064 Damus
1380 3033 1465 3063 etiam
1485 3031 1517 3062 &
1534 3029 1722 3060 concedimus
1737 3028 1858 3058 Tenore
1874 3026 2061 3057 Praesentium
2075 3026 2170 3057 eidem
2192 3028 2286 3065 Depu-

1218 3080 1280 3102 tato
1295 3071 1379 3111 nestro
1393 3068 1523 3101 Generali
1538 3067 1713 3098 Potestatem
1728 3067 1761 3097 &
1778 3066 2006 3097 Au&horitatem
2024 3065 2121 3096 utendi
2141 3066 2173 3096 &
2189 3074 2286 3096 excer-

1221 3110 1308 3142 cendi
1328 3110 1401 3140 infra
1418 3109 1555 3147 Regnum
1578 3105 1708 3136 nostrum
1725 3105 1895 3144 praedictum
1916 3104 2024 3143 Legem
2049 3102 2286 3134 Mariscalcialem

1218 3150 1276 3181 sive
1293 3148 1473 3184 Martialem,
1499 3156 1615 3176 necnon
1636 3144 1823 3176 substituendi
1843 3142 1997 3182 assignandi
2018 3143 2051 3173 &
2074 3142 2288 3180 appunffuandi

1224 3189 1275 3219 sub
1297 3188 1323 3218 se
1350 3187 1421 3218 infra
1443 3186 1556 3216 dietum
1576 3183 1714 3223 Regnum
1737 3182 1884 3220 nostrum,
1910 3191 1958 3219 per
1978 3180 2089 3212 Literas
2105 3180 2212 3211 nostras
2234 3180 2286 3211 sub

1223 3227 1337 3265 Magno
1354 3225 1455 3264 Sigillo
1470 3222 1571 3254 nostro
1585 3222 1685 3260 Regni
1702 3221 1793 3253 nostri
1810 3221 1940 3260 praedieti
1953 3218 2074 3258 fiendas,
2089 3228 2132 3250 tot
2147 3220 2178 3249 ὃ(
2195 3227 2288 3249 tantos

1221 3265 1385 3297 Officiarios
1406 3274 1458 3302 pro
1480 3263 1650 3293 executione
1673 3262 1706 3293 ὃ(
1728 3261 1922 3291 excercitione
1944 3258 2067 3296 ejusdem
2089 3258 2178 3294 Legis
2193 3256 2288 3288 Mari-

1222 3305 1330 3336 scalciae
1352 3303 1408 3333 slve
1432 3302 1588 3339 Martialis,
1606 3308 1690 3338 prout
1709 3299 1826 3337 praefato
1846 3301 1986 3336 Deputato
2002 3296 2089 3335 nostro
2109 3295 2237 3326 Generali
2250 3296 2288 3326 de

1223 3352 1352 3380 tempore
1367 3344 1398 3373 in
1415 3350 1528 3378 tempus
1543 3339 1677 3377 expedire
1695 3338 1858 3376 videbitur,
1874 3336 1909 3367 ad
1922 3335 2132 3366 excercendum
2148 3334 2286 3365 utendum

1225 3384 1259 3414 &
1272 3379 1471 3419 exequendum
1486 3378 1653 3418 praedi&am
1668 3377 1780 3416 Legem
1795 3374 2031 3406 Mariscalcialetn
2051 3374 2107 3404 sive
2122 3373 2288 3404 Martialem

1227 3422 1357 3459 quotiens
1372 3429 1443 3458 opus
1459 3419 1516 3448 sive
1535 3416 1648 3447 necesse
1663 3416 1762 3453 fuerit,

1267 3459 1377 3489 Damus
1399 3458 1501 3488 ulterus
1522 3455 1657 3486 univerlis
1680 3454 1713 3485 &
1743 3454 1858 3490 singulis
1886 3450 2113 3488 Arehiepiscopis
2139 3449 2244 3487 Episco
2264 3450 2289 3479 is

1229 3497 1363 3529 Ducibus
1375 3495 1545 3527 Comitibus
1557 3493 1711 3524 Baronibus
1726 3491 1891 3531 justiciariis
1912 3489 2071 3528 Militibus,
2102 3489 2209 3518 Liberis
2255 3497 2290 3517 o-

1230 3537 1373 3574 minibus,
1391 3536 1424 3566 δε
1440 3534 1500 3564 aliis
1514 3532 1640 3563 Subditis
1658 3530 1758 3562 nostris
1770 3531 1804 3562 de
1824 3530 1934 3567 Regno
1951 3526 2050 3558 nostro
2071 3526 2225 3564 praeditsto,
2243 3525 2290 3555 fir-

1231 3578 1315 3607 miter
1326 3575 1355 3605 in
1371 3573 1532 3609 MandatiS,
1556 3571 1773 3638 quodlpraefato
1787 3571 1904 3600 Henrico
1927 3567 2023 3605 Sidney
2040 3565 2132 3597 Militi
2152 3568 2292 3602 Deputata

1229 3614 1316 3654 nostro
1330 3610 1458 3642 Generali
1473 3613 1504 3641 in
1519 3611 1625 3641 eodem
1673 3618 1748 3648 egno
1763 3607 1864 3639 nostro
1897 3605 2075 3637 intendentes
2096 3603 2146 3646 sint
2167 3600 2292 3632 assisten-

1230 3661 1270 3683 tes
1289 3651 1450 3682 auxiliantes
1472 3649 1661 3686 consulentes,
1680 3657 1714 3678 ac
1735 3647 1817 3685 ipsius
1842 3630 1990 3677 Niandatis
2006 3644 2035 3673 in
2051 3641 2185 3683 omnibus
2204 3649 2291 3677 prout

1227 3691 1309 3721 decet
1330 3691 1363 3722 &
1385 3689 1498 3720 decebit
1520 3687 1718 3723 Obedientes3
1739 3685 1835 3723 aliquo
1858 3685 1971 3715 Statuto
1998 3681 2073 3711 Aetu
2091 3676 2292 3723 ‚ordinatione

1227 3729 1396 3762 Provisione
1407 3728 1475 3769 Jure
1491 3726 1557 3757 Usu
1574 3724 1787 3755 Consuetudine
1800 3724 1856 3753 sive
1875 3721 2068 3763 Restric‘jtione
2087 3715 2153 3763 inde
2172 3727 2203 3746 m
2219 3727 2292 3748 con-

1227 3770 1341 3799 trarium
1356 3767 1438 3798 facus
1453 3765 1535 3795 editis
1550 3764 1687 3796 ordinatis
1702 3762 1746 3793 seu
1762 3762 1893 3801 provifis,
1911 3769 1957 3790 aur
1977 3758 2068 3800 aliqua
2082 3754 2135 3785 alia
2150 3754 2198 3786 Re
2212 3754 2290 3793 Cau*

1228 3806 1258 3839 sa
1271 3807 1318 3837 vel
1332 3804 1454 3837 Materia
1468 3813 1664 3842 quacumque,
1680 3803 1710 3832 in
1724 3801 1820 3840 aliquo
1834 3810 1894 3831 non
1906 3795 2090 3829 obstantibus.

1266 3845 1299 3877 In
1319 3845 1397 3884 cujus
1413 3845 1452 3875 rei
1469 3842 1707 3879 Testimonium,
1726 3840 1789 3871 &c.

1262 3921 1353 3955 Teste
1371 3919 1489 3960 Regina
1503 3919 1579 3959 apud
1597 3917 1817 3958 Gorhamburye,
1833 3924 1862 3946 v.
1884 3911 1931 3942 die
1946 3908 2079 3948 Augusti.

1863 3989 1918 4020 Per
1927 3985 2014 4027 ipfhm
2031 3989 2170 4027 Reginam.

2245 3989 2314 4063 Da·
