2542 4274
16 170 142 221 Amul).

36 220 67 247 15
79 220 120 240 io.

15 255 79 278 fici}-
100 250 127 279 8.

168 89 246 142 148

167 174 202 205 ad
219 173 331 205 distum
356 171 462 204 Foedus
483 172 716 211 amplectendum
737 171 854 203 alacrius
873 169 1041 208 faciliusque
1063 166 1240 211 allicientur,

170 213 297 250 diffique
313 212 491 242 Communis
505 212 605 243 Hostis
621 214 654 244 δε
678 210 881 242 crudelissimae
902 209 1005 240 Belluae
1020 206 1136 246 Injurias
1158 209 1243 233 unitis

172 252 286 319 viginis
298 249 455 294 ‘comodius
468 250 625 292 propulsare
639 251 672 281 &
685 249 816 288 repellere
831 257 965 287 poterunt
974 271 984 286 ,

246 300 278 318 os
296 299 303 318 i
326 298 381 319 itur

210 299 373 357 Guillcgmus
387 311 508 367 bouffier
522 327 667 359 Dominus
681 327 718 358 de
731 327 873 358 Boniveto
886 323 974 355 Miles
982 321 1099 353 Ordinis
1107 329 1162 363 nec
1179 325 1239 361 ηομ

174 366 352 397 consiliarius
368 367 401 398 δε
417 366 618 398 Cambellanus
634 367 802 397 Ordinarius
818 362 1011 395 Potentissimi
1033 361 1065 391 ὃ(
1088 357 1241 403 IiiViCiissi·

175 406 217 435 mi
232 404 358 435 Domini
373 405 462 436 nostri
482 406 635 445 Francifii,
660 405 720 435 Dei
741 403 848 442 gratia,
869 405 1032 431 Francorum
1054 401 1131 434 R⁶¹gis
1151 395 1241 439 (³b¹'¹‘

177 443 353 483 stianiffimi,
372 455 404 475 ac
420 445 602 476 Admiraldus
619 444 764 480 Franciae,
786 439 933 479 Stephanus
950 440 982 468 de
997 436 1116 468 Poncher
1132 430 1242 472 Episco-

129 512 132 517 .
170 489 222 520 pus
245 481 401 523 Partfienfis
417 506 427 522 ,
459 484 612 522 Franciscus
636 483 669 512 de
697 479 890 519 Rupecavardi
920 478 1007 508 Miles
1037 475 1183 505 Dominus
1204 471 1240 501 de

33 1223 147 1251 *XHL

174 520 409 559 Campodenario
423 522 593 553 Senescallus
606 520 740 550 Tholosae
756 520 789 550 &
800 518 985 549 Gubernator
1004 513 1133 559 Rupellae
1149 509 1242 553 Cam-

175 560 316 598 bellamus,
336 561 370 591 &
384 560 533 591 Nicholaus
547 562 579 590 de
595 557 740 598 Neufville
753 558 839 588 etiam
855 555 942 586 Miles
956 555 1102 598 Dominus
1122 549 1158 581 de
1177 548 1239 592 Vll-

174 597 250 637 leroy
280 599 485 630 Audientiarius
511 599 639 629 Franciae
663 606 698 627 ac
722 596 893 626 Secretarius
922 587 1241 635 Financiarurri'praedi-

175 637 218 668 «sti
237 637 463 668 Christianiffimi
482 638 573 675 Regis
592 637 737 672 Franciae,
755 633 909 671 OratoreS,
936 629 1151 674 Commiffarn,
1170 625 1241 669 Pro-

175 685 335 715 curatores,
353 676 572 706 Ambaffiatores
588 674 712 713 ejusdcm
730 671 964 704 Christianiffimi
989 670 1079 708 Regis
1097 667 1133 698 ad
1152 665 1240 713 luita-

173 714 274 783 scr'ipm
299 715 469 746 sufficienter
496 714 619 752 deputati
645 714 678 744 ἃ
709 712 850 752 legittime
881 709 1027 742 constituti
1053 708 1087 738 &
1113 706 1240 736 aucton-

185 761 236 790 ati,
1219 781 1225 787 .

214 792 272 822 Pro
288 791 368 821 firma
383 792 458 823 Pace
473 790 610 821 Amicitia
623 791 657 821 &
672 799 736 820 vera
744 787 912 819 Concordia
928 788 999 817 inter
1014 784 1138 815 eundem
1152 781 1240 827 Clin-

175 829 372 861 stianiffimum
403 834 565 860 Franrorum
590 832 702 867 Regem,
727 828 759 858 &
784 826 1000 858 Illustriffimum
1023 825 1057 855 ὃς
1079 820 1241 865 Potentissi-

175 878 259 899 mum
282 869 447 906 Principem
470 871 634 904 Henricum,
653 867 711 897 Dei
733 867 838 904 gratia,
859 864 972 901 Angliae
993 865 1091 899 Regem
1112 859 1238 898 ejusdem

177 907 409 937 Christianissirni
433 906 523 945 Regis
545 905 730 937 Carissimum
752 905 785 935 &
807 903 1033 934 Dilectiffimum
1054 901 1179 931 Fratrem
1206 899 1240 929 &

175 945 443 984 Conlanguineum‚
461 945 686 982 eorumdemque
705 943 840 974 Subditos
861 943 1000 986 Alligatos·
1017 940 1051 984 β(
1072 937 1240 981 Confcede-

176 993 266 1022 rator»,
286 995 355 1014 cum
372 984 526 1014 Illustribus
543 983 716 1014 Reverendis
741 983 774 1013 &
789 981 942 1012 Generoiis
963 978 1059 1016 Viris,
1084 976 1241 1014 Dominis,

175 1022 277 1052 Thoma
292 1026 366 1052 Duce
386 1022 587 1062 Northfhlchiae
601 1022 718 1058 Magno
736 1020 920 1051 Thesauran'o
935 1019 969 1049 &
993 1015 1164 1059 Marescallo
1180 1015 1242 1044 An-

175 1061 259 1098 gliae,
279 1061 380 1091 Thomu
395 1062 519 1101 Episcopo
534 1060 705 1099 Dunolmenfi
719 1058 848 1089 Custode
864 1057 969 1088 Privati
991 1055 1080 1094 Sigilli
1095 1054 1166 1098 dicti
1183 1053 1240 1083 Po—

177 1100 321 1130 tentiffimi
345 1099 434 1137 Regis
457 1100 573 1136 Angliae
590 1123 598 1137 ,
632 1098 725 1128 Cardo
744 1101 847 1127 Comite
875 1098 1026 1131 [Vagorniae
1049 1091 1240 1136 Dornmode

176 1138 303 1169 Herlicrt
317 1140 346 1170 ἃ
367 1139 401 1169 de
418 1140 531 1170 Gowei·
544 1138 709 1169 Cmnerario
724 1136 794 1166 dicti
808 1135 985 1166 Illustriffimi
1006 1133 1095 1164 Reois
1110 1131 1240 1168 Angliae,

175 1179 208 1208 E<
226 1177 335 1206 Nirolao
351 1178 474 1216 Epssopo
491 1176 610 1215 Elicrfi,
628 1178 711 1206 etiam
722 1157 1144 1214 Oratoribusssommiissriis,
1164 1170 1238 1200 Pro·

176 1217 352 1246 curatoribus
371 1217 389 1235 ²*
411 1218 443 1246 &
462 1215 716 1247 Ambalsizitoribus
735 1213 839 1244 eisdem
857 1211 1046 1244 Potentiffit'ni
1067 1210 1158 1246 Regis
1177 1209 1240 1252 An·-

178 1254 243 1295 glise
265 1255 298 1285 ad
319 1254 493 1293 infrascripta
513 1254 681 1284 sufficienter
701 1254 734 1284 ὃς
751 1253 878 1291 legitime
903 1251 1044 1289 deputatis
1062 1251 1095 1281 ὃς
1114 1247 1239 1279 auctori-

174 1295 254 1330 latis,

216 1332 262 1361 Ad
279 1331 432 1362 Honorem
449 1332 482 1362 ὃς
500 1330 629 1361 Laudem
649 1329 708 1360 Dei
721 1329 944 1366 omnipotentis,
963 1325 1239 1367 Gloriosissimueque

176 1370 301 1402 Vir‘rinis
319 1370 438 1408 Mariae,
457 1369 596 1408 totiusque
610 1369 708 1399 Curize
724 1367 860 1398 Coelestis
872 1370 907 1400 &
921 1365 1091 1398 Christianae
1109 1364 1240 1402 Religio-

174 1411 216 1439 nis
245 1409 438 1438 “*taltationem
452 1410 485 1440 &
501 1406 960 1445 incrementum,Convenimus,
977 1403 1240 1440 Concordavimus,

173 1449 207 1478 ἃ
227 1448 448 1486 Conclusimus,
479 1457 562 1485 atque
581 1447 760 1477 Aur-[toritate
780 1445 1031 1475 Commiffionuni
1055 1442 1239 1478 nostrarum,

173 1486 306 1524 Quarum
321 1487 451 1516 Tenores
464 1485 641 1523 Inseruntur,
661 1496 710 1522 per
726 1485 896 1521 Praeseiites,
922 1483 1138 1519 Convenimus,
1155 1479 1239 1510 Con·

171 1526 341 1564 cordamuS,
358 1526 392 1557 &
407 1524 618 1555 Concludimus
632 1523 802 1554 articulatim
816 1531 900 1561 prout
915 1523 1046 1560 sequitur.

206 1601 252 1633 ΙΝ
265 1611 282 1633 r>
292 1611 315 1633 R
327 1611 338 1632 1
349 1610 376 1632 M
385 1611 397 1633 1
409 1611 439 1640 s,
459 1601 649 1633 Conventum
659 1624 668 1639 ,
686 1599 905 1632 Concordaturri
920 1623 930 1638 ,
944 1600 979 1631 &
997 1596 1178 1629 Conclusum
1195 1594 1239 1626 est

168 1642 271 1679 quod,
284 1642 356 1671 inter
370 1641 540 1679 praediffifflrn
556 1639 767 1671 Sanetiffimum
785 1638 952 1669 Dominum
968 1637 1101 1668 nostrum
1119 1638 1238 1666 Leonem

169 1682 274 1718 Papam
296 1682 452 1718 Decimum,
470 1678 622 1719 Caesaream
644 1677 839 1718 Majestatem,
857 1679 891 1708 ὃς
914 1675 1112 1706 illustrissimos
1131 1684 1164 1704 ac
1180 1673 1237 1703 Po-

169 1718 340 1749 tentiffimos
364 1722 504 1756 Franciae‚
528 1717 744 1756 Hispaniarum,
769 1716 803 1747 &
824 1715 938 1752 Angli-e
953 1718 1036 1752 Reges
1050 1712 1237 1752 principaliter

168 1757 366 1787 contrahentes
380 1758 412 1787 &
429 1756 669 1794 Confoederatos,
687 1764 845 1793 eorumque
868 1753 1003 1784 Haeredes
1030 1754 1064 1784 δε
1086 1751 1237 1783 Successo-

166 1806 209 1827 res
221 1795 354 1826 Vassallos
369 1795 480 1826 Incolas
494 1796 526 1827 δι
542 1795 728 1825 Habitatores
743 1804 776 1824 ac
797 1793 932 1824 Subditos
956 1791 1149 1831 quoscumque
1164 1799 1237 1830 prae-

166 1835 254 1865 sentes
268 1836 301 1865 &
316 1834 424 1865 futuros
429 1857 440 1880 2
457 1835 517 1864 tam
533 1832 745 1864 Ecclesiasticos
759 1832 846 1871 quam
861 1831 1017 1870 Secuhres,
1044 1830 1236 1869 cujuscunque

169 1873 341 1912 Dignitatis,
366 1874 476 1910 Status,
501 1871 633 1911 Gradus,
659 1880 706 1902 aut
727 1871 914 1901 Conditionis
935 1870 1071 1908 existant,
1103 1868 1148 1899 seu
1169 1877 1238 1906 qua-

168 1923 284 1951 cunque
306 1913 474 1951 Dignitate,
507 1911 604 1948 Statu,
637 1912 692 1941 sive
716 1910 818 1942 Gradu
842 1909 1049 1948 praefulgeant,
1080 1916 1238 1945 eorumque

166 1951 287 1987 Regna,
306 1951 428 1988 Patri-as,
447 1950 569 1988 Terras,
584 1951 618 1980 &
635 1950 794 1986 Dominia,
814 1947 971 1985 Civitates,
999 1947 1116 1984 Castra,
1134 1945 1235 1976 Terri-

167 1991 257 2029 toria,
275 1990 378 2027 Villas,
393 1989 506 2027 Opida,
526 1990 559 2021 &
578 1989 657 2019 Loca
671 1997 869 2028 quaecunque,
888 1986 979 2016 modo
995 1996 1045 2024 per
1065 1984 1235 2016 eorumdem

167 2030 291 2068 aliquem
307 2030 418 2067 habita,
438 2037 531 2066 tenta,
552 2026 687 2066 posseffa,
704 2028 737 2058 ὃς
758 2034 917 2064 occupata,
937 2025 970 2056 fit
994 2026 1088 2063 bona,
1114 2025 1236 2061 sincera,

168 2078 252 2106 vera,
270 2069 393 2107 integra,
413 2067 557 2105 perfecta,
574 2066 680 2103 fidelis,
697 2067 730 2098 &
747 2064 828 2095 firma
842 2065 996 2102 Amicitia,
1022 2062 1124 2102 Unio,
1145 2062 1235 2102 Liga,

169 2106 372 2146 liirelligentia,
395 2106 638 2142 Confoedcratio,
661 2105 695 2135 ὅ(
711 2103 771 2134 Pax
786 2114 835 2142 per
847 2103 989 2140 Terram,
1016 2101 1116 2139 Mare,
1142 2101 1176 2132 &
1193 2101 1235 2131 A-

168 2155 236 2185 quas
249 2146 365 2183 dulces,
383 2144 485 2175 Portus
501 2144 610 2183 Maris,
628 2145 661 2176 ὃς
676 2144 782 2182 ubique
798 2142 947 2174 Locorum
962 2141 1061 2172 futuris
1075 2140 1235 2178 Tempori-

170 2185 221 2215 bus
236 2187 374 2223 perpetuo
389 2183 528 2214 duratura.

206 2224 277 2254 [TE
289 2233 334 2262 iu,
353 2222 559 2260 Conventum,
579 2219 818 2258 Concordatum,
836 2220 869 2250 &
887 2218 1067 2249 Conclusum
1080 2217 1120 2247 est
1139 2216 1236 2255 quod,

168 2273 222 2303 pro
235 2263 394 2300 Tuumne,
413 2260 640 2292 Conversationc
650 2284 658 2297 ,
677 2261 710 2291 δε
730 2257 913 2289 Deffensione
926 2257 1055 2288 Personae
1070 2257 1236 2287 Auctorita-

169 2303 202 2331 tis
217 2303 249 2332 ὃ(
265 2301 422 2337 Dignitatis
439 2299 615 2331 Sereniil'imi
635 2299 758 2329 Domini
775 2297 862 2327 nostri
878 2300 980 2326 Leonis
994 2298 1076 2333 Papae
1091 2294 1236 2324 Decimi&

166 2341 358 2370 sacrosancte
374 2338 452 2369 Sedis
468 2338 645 2376 Apostolicae
662 2337 842 2376 Dignitatum
860 2335 1045 2366 Personarum
1055 2335 1088 2365 &
1102 2333 1235 2363 Statuum

167 2380 350 2418 prxffirorum
372 2378 648 2408 Confoedcratorum
669 2376 807 2406 oninium
829 2375 863 2405 &
885 2374 1058 2412 singulorum
1080 2372 1112 2402 δε
1135 2380 1236 2401 eorum

170 2420 316 2456 cuiussibet
344 2427 501 2454 eorumque
523 2415 681 2445 Haeredum
713 2421 759 2442 aut
786 2411 990 2442 Successorum
1003 2432 1014 2448 ,
1046 2409 1237 2448 Regnorum,

171 2456 326 2486 patriarum
343 2479 353 2494 ,
370 2456 525 2485 Terrarum
537 2476 546 2491 ,
561 2453 592 2482 ἃ
608 2451 819 2481 Dominiorum
830 2472 839 2487 ,
858 2449 1035 2486 Civitatum,
1052 2447 1234 2484 Castrorum,

171 2495 198 2525 V
203 2495 328 2532 iliarum,
346 2494 575 2524 Territoriorum
591 2499 691 2520 contra
705 2488 864 2527 Invasores,
887 2488 1115 2525 Perturbatores,
1132 2487 1165 2517 &
1181 2486 1235 2515 ho-

171 2533 244 2564 stiles
268 2531 452 2571 aggressores
473 2531 674 2571 quoscunque,
706 2527 836 2565 praediffi
860 2525 1062 2557 Confoederati
1080 2534 1180 2554 ornnes
1199 2524 1233 2555 &

171 2572 269 2610 singuli
286 2581 385 2610 erunt,
402 2571 538 2609 perpetuis
552 2569 585 2599 ὃ.-
601 2569 698 2598 futuris
711 2566 924 2604 Temporibus,
942 2565 1041 2595 Amici
1057 2562 1232 2607 Amicorum

170 2612 204 2641 &
223 2611 411 2641 Inimicorum
427 2609 541 2639 Inimici
557 2608 682 2637 invicem
701 2606 813 2644 Alligati
827 2605 859 2635 δε
880 2603 1079 2646 Confrssderati
1105 2607 1168 2645 nne·
1183 2601 1232 2632 ali-

170 2660 225 2688 qua
249 2649 426 2687 Exceptione
446 2657 492 2678 aut
513 2645 767 2683 Contradic‘tione3
793 2645 830 2674 ita
844 2643 941 2681 quod,
967 2646 985 2673 li
1001 2640 1119 2680 posthac
1134 2641 1233 2678 aliquis

170 2688 355 2729 praefatorum
372 2686 646 2718 Confoederatorum
662 2693 709 2714 aut
728 2686 756 2713 in
779 2683 838 2713 hoc
855 2682 979 2713 Foedere
1000 2679 1235 2718 Comprehenso-

171 2738 252 2765 runi,
268 2729 314 2758 seu
330 2727 395 2757 alius
411 2727 571 2766 quicunque
587 2734 636 2762 per
650 2723 705 2760 Se,
732 2722 779 2753 vel
792 2732 842 2762 per
867 2721 1145 2763 Locumtenentemn,
1173 2717 1233 2748 Ca-

170 2768 316 2805 pitaneum
340 2766 531 2803 Generalem,
555 2773 601 2794 aut
624 2762 722 2793 Alium
747 2770 946 2799 quemcunque
960 2767 1070 2798 potenti
1082 2757 1176 2788 valido
1198 2758 1232 2788 &

171 2815 283 2843 magno
302 2804 435 2835 Exercitu
451 2804 496 2833 vel
511 2803 566 2833 alio
581 2802 680 2840 quovis
697 2800 806 2837 modo,
822 2799 931 2830 diredte
947 2798 993 2828 vel
1007 2796 1158 2834 indireffe,
1171 2795 1232 2826 Re-

194 2854 245 2883 na,
277 2844 397 2880 Patrius,
428 2843 549 2878 Terras,
575 2840 736 2876 Dominia,
767 2837 880 2876 Castra,
910 2836 1063 2874 Civitates,
1096 2834 1213 2873 Oppida
1225 2857 1235 2873 ,

170 2853 344 2919 &Territorim
365 2883 420 2912 sive
438 2882 488 2911 alia
508 2881 589 2911 Loca
612 2887 811 2917 quaecunque,
830 2886 878 2914 per
898 2876 1044 2906 di&orum
1068 2873 1234 2906 Consoede-

171 2930 298 2952 ratorum
314 2921 434 2957 aliquem
450 2921 478 2949 in
494 2919 702 2956 priesentiarum
719 2915 832 2953 habita,
845 2924 936 2951 tenta,
955 2913 1091 2951 possessa,
1112 2921 1158 2944 aut
1179 2922 1233 2943 oc-

173 2969 276 2997 cupata
286 2982 295 2997 ,
312 2959 449 2989 hostiliter
463 2957 593 2988 invaserit
609 2964 654 2986 aut
674 2954 877 2992 perturbaverit
891 2962 937 2984 aut
952 2953 1046 2983 invadi
1061 2952 1106 2982 seu
1123 2960 1233 2990 pertur-

172 3000 232 3030 bari
247 2998 452 3037 procuraverit,
471 2997 526 3026 live
541 2996 674 3032 cuiquam
697 2992 977 3023 Confoederatorum
992 2991 1169 3022 Violentiam
1188 2999 1234 3021 aut

173 3038 348 3075 Dampnum
364 3045 449 3072 grave
464 3035 508 3065 vel
523 3032 706 3064 intollerabile
722 3031 842 3069 inferre,
859 3031 968 3067 facere,
986 3030 1029 3060 vel
1051 3031 1171 3068 irrogare
1191 3038 1234 3061 at-

173 3076 367 3114 temptaverit,
386 3083 454 3103 tunc
469 3074 501 3104 δε
519 3074 547 3104 iri
562 3082 597 3102 eo
613 3071 688 3102 Casu
703 3073 827 3109 Princeps
843 3068 984 3111 Irgvafias,
996 3069 1111 3106 cupiens
1133 3068 1234 3099 habere

171 3115 319 3153 Suppetias
334 3113 480 3143 dierorum
497 3111 775 3141 confoederatorum
792 3118 844 3147 pro
859 3112 904 3138 lua
921 3107 1104 3150 Deieiisione‚
1118 3115 1148 3138 ut
1163 3117 1234 3145 prae—

171 3154 294 3191 dicitur,
313 3153 452 3182 tenebitur
468 3151 623 3181 admonere
637 3150 670 3179 &
684 3148 825 3185 requirere
841 3156 940 3177 omnes
953 3148 986 3178 &
1009 3147 1133 3182 lingulOS
1152 3145 1234 3177 Con-

174 3194 343 3228 foederatos,
362 3200 412 3228 pei·
434 3189 490 3219 suas
514 3189 622 3218 Literas
641 3187 769 3217 Patentes
790 3185 883 3216 Manu
897 3185 944 3216 sua
957 3185 1118 3227 subscriptas
1136 3194 1171 3216 ac
1187 3187 1236 3216 suo

176 3231 278 3270 Sigillo
293 3229 433 3267 sigillatas,
449 3229 527 3266 super
542 3226 703 3263 hujusmodi
718 3224 885 3262 Invaliorie3
903 3225 968 3263 qui,
996 3228 1074 3260 luper
1096 3224 1154 3254 hoc
1170 3234 1233 3256 cer-

176 3271 260 3300 tiores
281 3269 376 3301 effec'ti
398 3269 431 3298 ὃς
455 3276 484 3297 ut
509 3265 684 3304 praemittitur
707 3264 895 3294 admoniti&
912 3262 1049 3300 requisiti,
1068 3263 1237 3294 tenebuntur

175 3310 346 3341 unanimiter
366 3308 398 3338 ἃ
422 3316 479 3337 uno
504 3305 669 3340 Contextu,
695 3303 835 3333 unacum
849 3302 912 3341 lpio
926 3300 1115 3340 Requirente,
1141 3303 1238 3339 Regem

177 3350 326 3385 Principem
340 3356 387 3378 aut
401 3346 489 3376 :ilium
506 3352 725 3383 quemcunque,
745 3341 800 3371 live
822 3341 858 3371 de
879 3339 1024 3370 diciorum
1045 3339 1238 3371 Confoedera-

178 3394 275 3416 torum
290 3394 410 3417 numero
424 3385 507 3416 fuerit
521 3384 575 3413 live
589 3391 647 3412 non
657 3404 666 3418 ,
683 3385 720 3410 lic
737 3379 922 3409 invadentem
939 3387 984 3408 aut
1007 3378 1170 3416 hujusmodi
1189 3378 1238 3409 In-

178 3424 323 3454 vasionem
345 3424 402 3453 fieri
424 3433 454 3453 ut
476 3421 638 3460 praedicitur
663 3419 881 3455 procurantem,
905 3418 938 3448 &
962 3426 1062 3446 eorum
1086 3426 1238 3456 utrumque

180 3461 359 3492 Invasionein
373 3471 417 3493 aut
431 3461 667 3492 procurationem
682 3458 850 3495 facientem,
869 3456 889 3487 si
903 3456 951 3493 qui
966 3455 1172 3498 talesfuerint,
1188 3466 1238 3494 pet

181 3500 317 3530 Oratores
334 3501 437 3530 Literas
452 3501 507 3530 sive
522 3498 658 3529 Nuncios
680 3497 756 3535 suos,
776 3505 893 3526 monere
914 3495 947 3525 &
967 3503 1119 3532 requlrere,
1136 3504 1238 3526 mone·

181 3540 280 3575 bitque
295 3539 328 3568 &
341 3540 460 3575 requiret
480 3548 582 3568 eornm
600 3536 730 3574 quilibet,
750 3544 796 3571 ut,
814 3535 850 3564 ab
864 3532 1024 3576 hujusmodi
1046 3532 1139 3563 hostili
1153 3533 1238 3564 Inva-

183 3578 260 3608 fione
279 3577 312 3607 δε
335 3575 446 3606 Guerra
465 3577 518 3607 sive
540 3576 745 3607 Procuratioue
766 3573 904 3610 ejusdem,
922 3571 1043 3602 totaliter
1064 3570 1175 3603 desistat
1191 3572 1236 3602 vel

181 3615 329 3653 desistant,
346 3617 379 3645 &
394 3615 430 3644 ab
445 3615 543 3644 eadem
559 3626 592 3645 ac
609 3616 645 3644 ab
659 3614 763 3645 eisdem
777 3612 863 3643 cesset
877 3610 924 3642 seu
946 3609 1056 3640 cessent
1074 3611 1184 3642 realiter
1201 3611 1236 3641 ὃ(

182 3664 251 3684 curn
272 3653 398 3689 effectu,
416 3653 448 3683 ὃ(
471 3662 521 3688 pro
544 3654 628 3684 dictis
652 3653 689 3683 sic
712 3650 894 3687 Attemptatis
914 3650 947 3680 &
972 3648 1115 3686 Dampnis
1133 3649 1236 3680 exinde

180 3692 329 3723 subsecutis
342 3689 513 3727 condignam
529 3693 657 3727 rependet
676 3687 1128 3721 Emendam&Satisfaffionem-
1149 3688 1237 3724 figni-

181 3729 294 3761 ficantes
310 3730 412 3760 Eidem
428 3730 486 3770 sne
497 3727 606 3758 Eisdem
622 3730 701 3767 quod
713 3753 721 3767 ,
739 3730 839 3767 vigore
850 3728 883 3757 ὃς
898 3727 1000 3756 virtute
1015 3725 1093 3756 lstius
1108 3711 1237 3757 f‘oederis

181 3769 238 3799 sive
259 3770 339 3806 Ligte
360 3767 551 3803 Desteiinvae,
577 3776 704 3798 tenentur
722 3767 774 3804 Ipli
789 3765 992 3796 Confoederati
1006 3774 1109 3794 omnes
1131 3765 1163 3794 δε
1180 3764 1235 3794 sin-

181 3807 244 3843 guli
266 3808 315 3836 sibi
333 3807 462 3838 invicem
488 3805 608 3834 affistere
626 3805 771 3843 Suppetias
791 3805 855 3835 dare
874 3804 907 3834 &
930 3803 956 3833 se
971 3806 1074 3833 mutuo
1089 3801 1235 3833 deffende-

178 3854 226 3874 re:
255 3845 332 3881 quod
342 3868 351 3883 ,
378 3846 397 3875 si
413 3844 491 3873 illico
505 3845 538 3872 δε
553 3843 652 3880 absque
667 3853 747 3874 mora
760 3845 853 3874 facere
877 3842 1045 3872 recusaverit
1062 3841 1108 3872 vel
1129 3841 1236 3871 recusa-

181 3883 275 3913 verint
288 3892 333 3912 aut
348 3883 484 3913 distulerit
500 3881 546 3910 vel
561 3881 731 3919 distulerint,
750 3891 818 3912 tunc
834 3891 935 3912 omnes
945 3882 978 3912 &
994 3880 1092 3918 singuli
1108 3878 1234 3909 Confoe-

180 3921 286 3956 dcrati,
305 3921 375 3949 infra
394 3920 524 3950 Mensem
539 3929 574 3949 ex
590 3929 658 3949 runc
674 3922 806 3956 proximo
823 3920 1001 3956 sequentem,
1018 3918 1054 3948 Se
1076 3917 1182 3948 Hostes
1198 3918 1232 3948 ὃς

176 3958 317 3989 Inimicos
331 3959 422 3994 Regis
437 3959 575 3995 Principis
587 3957 751 3988 Potentartis
765 3959 820 3988 sive
845 3958 1066 3988 Communitatis
1085 3956 1123 3987 fic
1147 3955 1234 3987 Inva-

176 3998 268 4030 auius
281 4004 327 4028 aut
343 3995 521 4029 invasionem
534 3996 695 4034 hujusmodi
707 3995 768 4028 fieri
786 3996 985 4033 Procurantn,
1005 3996 1038 4026 ὃς
1062 3994 1231 4026 eorumdem

541 68 1442 128 CONVENTIONES,
1525 67 1964 122 LITERAE,

1285 154 1428 193 utriusque
1459 154 1635 190 Invasionem
1665 165 1712 190 aut
1735 157 1972 188 Procurationem
1999 154 2164 195 hujusmodi
2190 153 2328 188 Facientis
2340 179 2351 195 ,
2369 145 2444 180 Ann-
2457 146 2499 180 D-

1308 195 1400 225 ublice
1414 195 1448 226 &
1464 196 1586 233 expresse
1606 197 1784 228 declarabunt
1800 196 1835 227 &
1858 195 2093 235 manifestabunt,
2112 206 2144 227 ac
2167 195 2205 226 sic
2227 195 2354 226 declam-

2395 187 2480 226 1518.

1310 234 1375 263 it&
1390 235 1583 267 manifestabit
1598 247 1699 268 eorum
1716 235 1853 274 quilibet,
1871 244 1905 265 ac
1925 236 1994 266 intra
2010 234 2093 266 Duos
2111 234 2226 266 Menses
2246 242 2351 264 extunc
2369 231 2434 254 Hm.
2453 227 2483 254 8·

1287 272 1421 309 proximo
1442 272 1476 303 ὃ(
1500 274 1665 305 immediate
1686 275 1830 312 sequentes
1854 273 1890 303 ad
1914 273 2088 312 Summum,
2105 273 2125 294 ²*
2145 273 2246 313 absque
2267 273 2352 303 omni

1287 309 1468 354 dolo-fraude
1483 312 1559 342 malo
1572 312 1695 350 Ingenio
1712 322 1757 343 aut
1773 312 1830 342 alio
1843 313 1945 349 quovis
1967 313 2087 350 quaeslto
2107 312 2205 344 colore
2227 312 2284 343 five
2303 319 2352 341 ex-

1288 354 1431 393 culanone
1448 360 1632 390 quacunque,
1654 351 1773 390 Regna,
1789 350 1866 392 Patri
1929 350 2052 389 Terras,
2071 352 2104 383 &
2128 351 2271 382 Dominia
2290 348 2353 380 Re-

1285 395 1327 426 gis
1348 386 1488 426 Principis
1509 399 1558 420 aut
1580 391 1688 420 alterius
1712 391 1887 427 cujulcunqu
1929 388 1968 419 fic
1983 399 2013 420 ut
2026 389 2172 428 praefertur
2192 389 2355 421 Invadentis

1286 425 1332 455 vel
1347 425 1526 470 Invafionem
1542 428 1723 460 Procurantis
1736 429 1768 459 &
1783 427 1952 458 eorumdem
1969 429 2122 468 utriusque,
2142 430 2198 460 sive
2211 429 2247 460 de
2260 427 2355 459 dicto*

1286 474 1350 508 rum
1371 464 1645 498 Conrccderatorum
1668 476 1790 497 nurnero
1813 466 1898 496 fuerit
1920 466 1976 496 sive
2000 476 2078 507 non,
2097 469 2134 498 ab
2145 477 2177 498 ea
2189 468 2269 499 Parte
2289 473 2354 505 quae

1285 503 1339 533 {ibl
1353 506 1538 547 propinquior
1556 505 1665 543 existit,
1685 506 1730 536 vel
1748 504 1805 543 qua
1820 505 1848 534 id
1870 505 2058 536 commodius
2078 504 2138 536 fieri
2161 507 2241 546 posse
2260 506 2354 537 visum

1286 541 1389 582 fuerit,
1407 545 1576 574 unanimiter
1591 554 1705 582 unoque
1721 543 1869 574 contextu
1881 544 2071 582 ingredientur
2091 544 2124 575 δε
2147 544 2286 578 hostiliter
2302 543 2352 574 In-

1287 581 1409 620 vadent,
1424 592 1457 612 ac
1473 583 1509 613 sic
1530 583 1699 619 ingredietur
1712 582 1745 613 ὃς
1761 580 1898 612 hostiliter
1914 582 2027 613 invadet
2041 591 2142 613 eorum
2161 585 2281 622 quilibet
2300 582 2354 613 suis

1287 622 1405 663 propriis
1428 621 1596 658 Sumptibus
1617 622 1652 652 ὃς
1673 621 1821 659 Ripensis,
1839 621 1968 659 praefatus
1989 620 2172 660 Sam‘r'iffimus
2194 625 2281 653 Pater
2302 631 2352 659 per

1287 657 1475 695 Capitaneum
1489 661 1568 691 suuni
1583 659 1754 691 Generalem
1773 659 1829 690 sive
1850 660 2020 698 deputatum
2043 659 2222 699 legitimum,
2244 660 2355 699 praefati

1289 700 1361 727 vcro
1376 700 1512 737 Principes·
1526 710 1576 737 per
1592 699 1629 730 Se
1641 700 1687 730 vel
1703 699 1949 730 Locumtenentes
1967 698 2028 728 suos
2042 700 2151 729 realiter
2173 699 2207 730 ὃ(
2228 709 2296 730 cum
2310 698 2354 730 ef-

1287 734 1382 779 fectu,
1401 747 1470 767 cum
1486 746 1567 768 tanto
1583 739 1617 768 &
1638 738 1697 768 tam
1710 738 1807 768 valido
1820 737 1956 769 Exercitu
1971 738 2030 767 tam
2041 736 2183 776 Equitum
2197 739 2284 776 quam
2297 737 2354 768 Pe-

1285 775 1398 812 ditum,
1418 775 1525 816 Equis,
1545 777 1657 814 Armis,
1676 775 1860 814 Bombardis,
1878 776 1913 807 δε
1931 775 2131 807 instrumentis
2154 775 2264 808 bellicis
2285 777 2355 810 aliiss

1287 813 1462 857 que-Rebus
1481 816 1696 854 quibuscunque
1716 815 1749 845 ad
1772 816 1839 846 tanti
1855 814 1924 845 Belli
1946 814 2063 846 Molem
2086 813 2245 846 necessariis
2261 817 2295 848 &
2309 827 2353 848 re-

1287 855 1390 889 qtnlltls
1403 863 1436 884 ac
1451 853 1620 885 sufficienter
1636 854 1792 890 instructu,
1811 853 1899 891 qualis
1912 853 1947 884 ad
1961 853 2164 891 profligandos
2181 864 2354 886 communes

1286 890 1394 921 Hostes
1407 893 1556 937 &eorum
1571 891 1714 924 Malitiam
1729 891 1938 923 cohercendam
1955 893 1990 924 ὅτ.
2006 894 2260 931 comprimendam
2274 894 2353 926 suffi-

1287 940 1352 960 cere
1365 940 1477 968 poterit.

1322 968 1334 998 I
1345 977 1450 1007 ΤΕΜ,
1468 969 1676 1008 Convemum,
1693 967 1930 1006 Concordatum‚
1952 968 1987 999 &
2007 967 2188 1002 Conclusam
2209 970 2252 1002 est
2271 971 2352 1010 quod

1285 1007 1305 1037 si
1319 1010 1380 1036 Rex
1395 1009 1522 1047 Princeps
1536 1009 1582 1039 seu
1598 1011 1691 1047 quivis
1704 1009 1772 1039 alius
1785 1008 1911 1046 aliquem
1929 1003 2101 1046 Principum
2118 1008 2164 1040 seu
2186 1008 2355 1042 Confoede³

1285 1055 1430 1086 rarorum,
1457 1056 1486 1078 ut
1506 1048 1672 1086 praefertur,
1699 1046 1839 1077 lnvadens
1863 1046 1908 1077 vel
1925 1046 2024 1076 Invadi
2047 1045 2223 1088 procurans,
2245 1048 2302 1080 five
2315 1049 2353 1080 de

1285 1085 1428 1116 dictorum
1446 1087 1721 1118 Coefoederatorurn
1745 1086 1882 1116 Numero
1901 1084 1984 1116 fuerit
1997 1085 2054 1116 sive
2067 1095 2143 1123 non,
2167 1085 2284 1126 habeat,
2311 1095 2355 1118 te-

1285 1133 1366 1163 neat,
1385 1125 1418 1155 &
1434 1124 1571 1163 possideat
1583 1123 1705 1161 Terras,
1727 1123 1882 1162 Dominia‚
1901 1123 1983 1155 Loca
1998 1123 2162 1163 Maritima,
2181 1125 2355 1164 Portus‚aut

1285 1162 1395 1206 Littora
1414 1163 1490 1194 Mari
1505 1163 1638 1202 Gallico,
1655 1163 1831 1202 Hispanico,
1850 1162 2034 1201 Britannico,
2051 1171 2098 1193 aut
2106 1162 2288 1196 Germanico
2304 1165 2355 1196 ad-

1281 1203 1404 1239 jacentia
1426 1204 1482 1233 live
1505 1204 1659 1243 contigua,
1678 1212 1747 1234 tunc
1770 1202 1803 1234 δε
1824 1204 1852 1233 in
1875 1211 1912 1232 eo
1928 1200 2002 1232 Casu
2019 1201 2212 1234 Potentiffimi
2234 1204 2267 1234 &
2283 1203 2354 1234 llluz

1284 1239 1410 1271 striss'imi
1431 1245 1555 1271 Franciae
1569 1265 1578 1279 ,
1597 1243 1754 1281 Hispanae,
1777 1240 1816 1276 ὠ·
1840 1239 1956 1276 Angliae
1977 1243 2080 1279 Reges,
2103 1251 2164 1272 non
2187 1241 2280 1273 solum
2304 1251 2354 1280 per

1284 1278 1408 1310 Terram
1431 1280 1523 1310 modo
1546 1282 1579 1311 &
1601 1281 1694 1310 fornia
1716 1279 1904 1319 suprascriptis
1925 1278 2067 1309 Guerram
2090 1280 2217 1318 facient,
2248 1283 2354 1312 verum

1283 1319 1370 1348 etiam
1385 1318 1530 1355 periMare
1548 1318 1655 1350 Bellum
1672 1326 1772 1356 gerent
1787 1319 1819 1349 δε
1834 1316 1953 1357 quilibet
1967 1327 2069 1348 eorum
2095 1328 2174 1356 geret
2196 1320 2230 1350 &
2252 1319 2354 1359 faciet,

1285 1366 1353 1386 cum
1370 1358 1417 1387 tali
1433 1358 1465 1387 δε
1482 1366 1557 1389 tanta
1574 1357 1705 1388 Navium
1719 1356 1832 1396 Classe,
1852 1356 1998 1387 Militibus
2018 1357 2074 1387 sive
2095 1357 2278 1388 Hominibus
2301 1359 2354 1389 Ar-

1286 1396 1385 1439 matis,
1404 1395 1588 1436 Bombardis,
1608 1397 1663 1426 sive
1679 1395 1872 1426 Instrumentis
1894 1395 2002 1426 bellicis
2022 1394 2104 1426 Telis
2126 1396 2304 1427 vietualibus
2320 1398 2355 1428 ὃς

1284 1435 1342 1464 aliis
1358 1435 1574 1473 quibuscunque
1588 1435 1622 1466 ad
1639 1434 1749 1465 Bellum
1770 1433 1884 1465 Navalc
1901 1434 2059 1471 gerendum
2080 1435 2236 1466 neceffiiriis
2257 1436 2290 1466 &
2311 1447 2357 1466 re-

1305 1473 1386 1503 uilitis
1406 1473 1577 1505 sufficienter
1599 1473 1735 1504 instruet-a
1750 1496 1760 1510 ,
1792 1473 1877 1512 qualis
1904 1472 1939 1503 ad
1961 1472 2162 1510 Profligandos
2184 1483 2355 1505 communes

1318 1511 1392 1542 ostes
1406 1514 1439 1544 &
1456 1523 1557 1544 eorum
1574 1511 1716 1544 Malitiam
1732 1510 1955 1542 Cohercendam
1970 1512 2004 1542 &
2020 1511 2284 1550 Comprimendam
2298 1513 2355 1543 suf-

1285 1549 1368 1581 ficere
1391 1553 1510 1590 poterit,-
1533 1562 1619 1590 quam
1643 1550 1788 1588 Ciass‘em,
1814 1551 1885 1581 infra
1909 1550 2042 1580 Mensem
2066 1550 2218 1589 postquam
2241 1551 2354 1583 dicrum

1284 1587 1394 1620 Bellum
1411 1590 1499 1620 Hosti
1517 1592 1669 1621 communi
1683 1590 1721 1620 fic
1736 1598 1767 1620 ut
1782 1588 1929 1627 praefertur
1943 1588 2038 1618 Indici
2054 1597 2101 1619 aut
2119 1589 2217 1620 Inferri
2234 1593 2353 1630 ceperit,

1285 1628 1320 1657 ad
1344 1628 1428 1659 Mare
1449 1630 1556 1660 realiter
1577 1630 1609 1659 &
1633 1639 1702 1659 cum
1718 1628 1823 1659 effectu
1837 1628 1958 1665 propriis
1969 1627 2019 1657 suis
2034 1626 2171 1666 Expensis
2190 1630 2303 1659 mittent
2317 1640 2351 1660 ac

1285 1668 1360 1697 mitti
1376 1669 1515 1699 cumbunt
1529 1670 1562 1698 &
1580 1668 1704 1706 facient,
1722 1667 1818 1706 sicque
1832 1668 1923 1698 mittet
1937 1676 1971 1697 ac
1989 1667 2066 1697 mitti
2080 1669 2192 1698 curabit
2216 1669 2249 1698 ὅ(
2267 1668 2353 1699 faciet

1283 1715 1382 1736 eorum
1405 1707 1540 1745 quilibet:
1559 1717 1622 1744 quae
1646 1708 1761 1745 quidem
1784 1705 1884 1736 Naves
1899 1714 2001 1736 omnes
2015 1706 2049 1736 &
2065 1705 2198 1745 singulae,
2213 1706 2248 1737 ad
2268 1706 2353 1738 Mare

1283 1748 1446 1775 communis
1461 1746 1561 1776 Hostis
1576 1745 1705 1783 Regnis,
1725 1744 1840 1782 patriis,
1859 1744 1977 1783 Terris,
1995 1744 2028 1774 &
2046 1741 2196 1775 Dominiis
2217 1747 2351 1783 proximo

1281 1783 1410 1820 adjacens
1424 1786 1615 1824 navigabunt,
1633 1795 1666 1815 ac
1683 1785 1792 1814 ibidem
1806 1784 1946 1814 continue
1960 1785 2145 1814 remanebunt
2161 1783 2219 1814 huc
2235 1785 2268 1815 ὃ(
2283 1784 2351 1816 illuc

1284 1820 1480 1862 Navigando,
1499 1833 1689 1854 communem
1709 1821 1853 1860 Hostem,
1871 1823 1930 1861 ejus
1946 1821 2069 1860 Regna,
2087 1821 2211 1860 Patrias,
2227 1823 2351 1860 Terras,

1283 1860 1442 1896 Dominia,
1461 1865 1494 1894 δε
1510 1864 1645 1893 Subrli'ros
1660 1862 1741 1899 ipsius
1753 1870 1892 1901 quantum
1913 1869 2046 1898 poterunt
2061 1860 2268 1900 Molestando,
2285 1861 2351 1893 Sese

1282 1909 1315 1929 ac
1333 1910 1451 1931 caeteros
1467 1903 1586 1932 Amicos
1601 1902 1632 1932 ὃς
1657 1900 1881 1931 Consoederatos
1904 1909 2061 1937 eorumque
2083 1898 2205 1940 Regna,
2226 1899 2350 1938 Patrias,

1283 1939 1400 1979 Terras,
1419 1941 1451 1972 ὃ(
1475 1939 1616 1970 Domini-a
1641 1938 1853 1976 Defendendo,
1879 1948 1912 1968 ac
1933 1939 2063 1976 quotiens
2086 1940 2119 1970 δε
2141 1938 2256 1978 quando
2279 1949 2352 1977 opus

1280 1978 1363 2009 fuerit
1379 1980 1458 2010 fimul
1474 1979 1510 2010 Se
1526 1979 1706 2017 conjungent
1719 1988 1750 2009 ut
1770 1977 1856 2009 unitis
1879 1977 1985 2008 viribus
2004 1979 2158 2008 communi
2180 1977 2265 2008 Hosti
2287 1977 2353 2008 resi>—

1281 2015 1352 2047 stere
1369 2026 1452 2055 atque
1464 2017 1597 2048 Eundem
1614 2017 1742 2048 infestare
1755 2027 1789 2047 ac
1803 2015 1941 2046 debellare
1961 2015 2080 2054 poffint:
2103 2026 2158 2047 nec
2180 2016 2280 2046 licebit
2300 2016 2352 2047 ali-—

1281 2057 1328 2087 cui
1345 2056 1466 2094 Regum
1480 2057 1683 2095 irs-*diffluum
1706 2055 1807 2087 Naves
1826 2062 1874 2085 aut
1896 2053 2063 2085 Exercitum
2088 2053 2293 2093 Maritimum,
2311 2055 2351 2086 sic

1280 2103 1312 2127 ut
1332 2097 1511 2133 praemittitur
1532 2096 1566 2127 ad
1589 2094 1672 2125 Mare
1691 2093 1860 2125 destinatum
1882 2093 1927 2124 vel
1947 2092 2096 2125 destinatas
2111 2116 2122 2132 ,
2145 2103 2279 2124 revocare
2302 2101 2350 2125 aut

1280 2135 1407 2165 minuere
1431 2134 1487 2164 fine
1507 2142 1612 2165 mutuo
1633 2132 1800 2164 eorumdem
1815 2131 1943 2169 expresso
1958 2130 2105 2163 Consensu
2128 2132 2162 2164 &
2177 2131 2352 2172 Voluntate3

1281 2171 1337 2202 Sed
1357 2172 1375 2202 fi
1394 2171 1470 2203 Casu
1484 2172 1580 2210 aliquo
1602 2172 1749 2210 contingat
1764 2169 1934 2200 Numerum
1950 2169 2086 2202 Navium
2107 2180 2153 2202 aut
2169 2169 2278 2202 Gentes
2294 2171 2352 2202 Ar-

1281 2220 1418 2250 morum,
1437 2210 1575 2242 Hostium
1591 2210 1736 2241 Invafione
1751 2218 1799 2240 aut
1817 2207 1910 2239 Maris
1923 2208 2126 2247 Tempestate,
2153 2211 2217 2247 capi
2239 2210 2352 2241 naufra*

1301 2250 1340 2280 ari
1361 2259 1409 2280 aut
1434 2250 1489 2280 alio
1511 2248 1705 2288 quovismodo
1726 2247 1850 2277 diminui
1870 2246 1958 2283 (quod
1973 2245 2053 2276 Deus
2067 2248 2184 2284 avertat)
2205 2248 2351 2279 tenebitur

1315 2299 1347 2326 e,
1365 2287 1447 2324 cujus
1469 2287 1571 2317 Claffis
1589 2286 1644 2322 sic,
1662 2294 1693 2315 ut
1714 2285 1877 2322 praefertur,
1896 2283 1970 2314 Casu
1991 2285 2115 2322 capietur
2136 2285 2192 2316 sive
2207 2285 2351 2318 diminue-

1281 2334 1343 2363 tur,
1362 2325 1438 2355 illam
1454 2324 1526 2355 infra
1542 2324 1678 2354 Mensem
1693 2322 1729 2352 de
1742 2331 1822 2353 novo
1838 2320 1972 2352 Reficere
1985 2323 2019 2354 &
2037 2322 2180 2354 Resarcire
2194 2325 2302 2356 realiter
2315 2327 2351 2358 ὃς

1280 2373 1352 2409 cum
1366 2362 1491 2402 effectu,
1508 2362 1567 2393 fine
1582 2362 1665 2393 omni
1680 2360 1752 2393 dolo
1763 2383 1774 2399 ,
1791 2360 1908 2399 fraude,
1925 2359 2077 2400 dilatione,
2094 2370 2143 2395 aut
2162 2361 2215 2395 alia
2235 2364 2353 2397 excusa-

1281 2410 1361 2433 tione
1376 2411 1556 2442 quacunque.

1316 2440 1448 2479 ITEM,
1466 2439 1676 2478 Conventurn‚
1694 2436 1934 2476 Concordatum‚
1951 2437 1986 2470 δε
2004 2437 2181 2472 Conclusum
2204 2439 2245 2472 est
2267 2440 2349 2480 quod

1278 2479 1475 2518 praecedentes
1489 2479 1614 2511 Articuli
1626 2478 1778 2508 Invafionis
1802 2486 1863 2507 non
1884 2476 2070 2509 emendantur
2089 2478 2126 2509 ad
2147 2479 2286 2511 Subditos
2298 2480 2350 2511 ali-

1277 2520 1356 2557 cujus
1369 2517 1644 2549 Confoederatorum
1659 2516 1864 2555 praedictorum
1880 2514 2059 2547 Invafionem
2082 2517 2128 2548 vel
2143 2516 2349 2550 Rebellionem

1276 2558 1307 2588 in
1321 2557 1491 2587 Dominum
1507 2558 1541 2589 &
1557 2556 1737 2599 Superiorem
1753 2554 1834 2585 suum
1847 2554 1998 2585 molientes
2010 2562 2059 2585 aut
2079 2557 2289 2594 quoquomodo
2305 2557 2348 2589 fa-

1277 2597 1401 2635 cientes,
1419 2595 1470 2626 nisi
1486 2595 1557 2626 dicti
1572 2594 1703 2633 Subditi,
1727 2603 1778 2631 per
1798 2592 1921 2632 aliquem
1943 2592 2222 2626 Oonfoederatorum
2264 2595 2349 2627 roedi-

1278 2635 1396 2666 &orum
1413 2634 1458 2664 vel
1474 2634 1591 2664 inferius
1606 2632 1911 2670 Comprehensorum‚
1927 2632 1961 2662 ad
1984 2631 2042 2663 hoc
2064 2631 2195 2671 Instigati
2204 2658 2214 2673 ,
2258 2644 2347 2666 rovo-

1277 2673 1351 2713 cati,
1369 2672 1503 2711 InduCti,
1523 2671 1664 2710 Persuasi,
1681 2670 1727 2701 vel
1749 2670 1778 2699 in
1792 2670 1850 2700 hoc
1865 2670 1963 2708 Adjuti
1977 2679 2024 2701 aut
2046 2671 2197 2703 Favorisati
2220 2671 2345 2714 fuerint;

1279 2723 1338 2752 quo
1353 2711 1427 2743 Casu
1440 2710 1642 2742 Confoederati
1656 2708 1786 2748 praedicti
1801 2710 1835 2740 δε
1851 2719 1950 2740 eorum
1966 2709 2087 2748 singuli,
2106 2719 2165 2742 tam
2181 2720 2283 2742 contra
2294 2711 2344 2743 In-

1277 2752 1427 2783 vadentem
1441 2751 1526 2790 quam
1543 2759 1644 2781 contra
1658 2749 1860 2787 instigantem,
1879 2748 2109 2786 Provocantem,
2135 2748 2344 2790 Inducentem,

1278 2789 1513 2828 Persuadenrem,
1532 2788 1741 2828 Adjuvantem,
1759 2796 1805 2817 aut
1825 2785 2036 2817 Favotisantem
2047 2809 2057 2824 ,
2071 2786 2219 2825 Suppetias
2234 2788 2345 2822 dabunt

1279 2830 1312 2861 ὃ(
1329 2839 1357 2860 ut
1371 2828 1518 2867 praeferrur
1531 2827 1680 2858 Invadent.

1314 2868 1362 2899 IT
1373 2877 1390 2898 ε
1402 2876 1447 2906 M,
1463 2866 1669 2902 Conventum,
1687 2864 1926 2901 concordatum,
1943 2863 1977 2895 δε
1997 2862 2176 2895 Conclusum
2200 2864 2241 2896 est
2259 2865 2342 2904 quod

1280 2907 1300 2938 si
1323 2906 1418 2937 Alicui
1442 2906 1573 2935 dic'lorum
1596 2904 1858 2942 Conse-deratorum,
1882 2911 2077 2932 communem
2095 2902 2242 2942 Hostem,
2260 2906 2298 2935 sic
2313 2913 2345 2938 ut

1279 2946 1441 2984 proefertur,
1461 2955 1512 2983 per
1525 2944 1563 2974 Se
1577 2943 1768 2980 Capitaneum
1785 2941 1864 2972 suum
1878 2940 2050 2971 Generalern
2063 2941 2107 2971 seu
2123 2941 2344 2974 Locumtenen-

1278 2994 1336 3015 teni
1358 2984 1492 3014 invadere
1516 2983 1641 3020 volenti,
1667 2979 1855 3012 necessarium
1879 2978 1980 3017 fuen't,
2004 2989 2054 3019 per
2078 2979 2202 3019 Regna,
2220 2981 2346 3021 Patrias,

1280 3023 1438 3061 Dominia,
1456 3021 1610 3061 Civitates,
1628 3020 1744 3058 Castra,
1759 3018 1934 3055 Territoria,
1955 3019 1979 3048 V
1982 3018 2040 3049 illas
2055 3017 2101 3049 seu
2114 3019 2249 3059 Oppida,
2269 3021 2343 3051 Por·

1279 3071 1322 3092 tus
1340 3062 1446 3099 Maris,
1467 3069 1512 3091 aut
1525 3062 1620 3099 Aquas
1630 3059 1727 3090 dulces
1749 3057 1865 3095 alicujus
1887 3055 2166 3088 confoederatorum
2189 3059 2346 3096 przedid‘co-

1279 3110 1342 3131 rum
1364 3101 1408 3131 vel
1433 3099 1548 3131 inferius
1571 3095 1870 3137 Comprehensorum,
1894 3097 1950 3133 ire,
1975 3098 2120 3135 equitare,
2141 3099 2289 3137 navigare,
2307 3099 2342 3130 δε

1278 3139 1446 3170 Exercitum
1460 3138 1583 3177 ducere,
1603 3135 1804 3176 Coiffoederatus
1818 3134 1870 3164 Ille
1884 3134 1917 3164 ad
1932 3134 1989 3166 hoc
1999 3136 2158 3175 requisitus,
2175 3146 2234 3167 non
2249 3136 2343 3168 solum

1280 3179 1401 3210 liberum
1418 3177 1602 3215 Tranlitum,
1621 3173 1794 3211 Accessum,
1811 3175 1846 3205 &
1862 3172 2020 3204 Recessum
2037 3183 2086 3212 per
2103 3175 2265 3212 hujusmodi
2284 3174 2345 3206 Lo-

1281 3227 1314 3248 ca
1337 3217 1438 3256 absque
1460 3214 1574 3254 fraude,
1591 3213 1676 3251 dolo,
1694 3213 1921 3251 impedimento,
1946 3212 1992 3243 seu
2012 3212 2163 3244 resistentia
2182 3214 2348 3254 concedet,

1281 3257 1384 3287 verum
1399 3256 1486 3286 etiam
1501 3254 1622 3291 Eidem,
1640 3253 1678 3283 sic
1694 3252 1804 3283 transire
1817 3252 1851 3283 &
1865 3250 2048 3281 Excercitum
2062 3251 2166 3282 ducere
2184 3261 2215 3283 ut
2228 3251 2342 3285 dietum

1282 3295 1324 3326 est
1344 3294 1468 3331 volenti,
1492 3292 1616 3330 Currus,
1641 3291 1754 3329 Equos,
1781 3289 1921 3328 Plaustra,
1951 3289 2068 3329 Naves,
2093 3291 2112 3321 ’ἒ
2131 3289 2289 3330 Vehicula,
2306 3289 2341 3322 δὲ

1282 3334 1378 3364 omnis
1393 3332 1502 3369 generis
1515 3330 1653 3362 victualia
1668 3331 1701 3360 &
1717 3329 1768 3360 alia
1784 3337 1965 3371 quaecunque
1985 3337 2065 3359 tanto
2085 3328 2229 3360 Exercitui
2247 3327 2343 3360 neces:

1282 3373 1349 3403 saria
1364 3372 1440 3402 dabit
1453 3371 1487 3401 &
1503 3368 1735 3400 sumministrabit
1749 3376 1796 3399 aut
1809 3377 1879 3398 cum
1892 3366 2000 3398 effect-u
2014 3367 2072 3398 dari
2094 3367 2128 3398 &
2141 3366 2248 3398 realiter
2267 3366 2345 3398 sum-

1283 3410 1431 3441 ministrari
1450 3410 1548 3447 faciet,
1583 3407 1750 3446 Sumptibus
1769 3415 1862 3436 tamen
1883 3405 1916 3436 &
1935 3405 2072 3444 Expenfis
2088 3404 2269 3436 Transeuntis
2287 3404 2346 3438 five

1284 3449 1449 3480 Transitum
1471 3446 1666 3487 Requirentis3
1682 3444 1793 3483 proviso
1814 3444 1925 3484 semper
1945 3444 2028 3483 qu'od
2047 3444 2135 3475 didus
2152 3445 2250 3473 Prince
2265 3453 2280 3473 s
2296 3453 2344 3476 aut

1282 3490 1339 3528 ejus
1354 3488 1524 3526 Capitaneus
1537 3485 1684 3517 Generalis
1696 3485 1741 3516 seu
1755 3483 2022 3522 Locumrenensssic
2035 3492 2068 3514 ut
2080 3481 2240 3520 praedicitur
2281 3491 2344 3514 xer-

1283 3530 1375 3559 citum
1390 3528 1515 3564 ducens,
1531 3525 1602 3556 nihil
1618 3523 1756 3554 hostiliter
1778 3531 1863 3561 aget,
1887 3523 1990 3560 faciet,
2009 3530 2058 3552 aut
2078 3521 2272 3560 attemptabit‚
2296 3521 2343 3553 vel

1282 3567 1349 3604 agi,
1379 3564 1454 3605 fieri,
1478 3573 1526 3595 aut
1546 3563 1706 3602 attemptari
1730 3561 1895 3600 procurabit
1909 3561 1954 3592 vel
1976 3559 2124 3602 permittet¹
2138 3559 2169 3589 in
2182 3557 2344 3599 Principis,

1282 3604 1451 3636 Transitum
1464 3612 1494 3634 ut
1510 3603 1691 3641 praemittitur
1707 3600 1910 3638 concedentis,
1928 3598 2023 3637 ejusve
2033 3595 2224 3628 Subditorum
2244 3596 2344 3629 Dam-

1282 3652 1372 3682 pnum
1394 3651 1440 3673 aut
1454 3651 1541 3679 grave
1554 3640 1759 3679 Praejuditium.

1317 3681 1363 3712 IT
1375 3690 1448 3718 EM,
1467 3680 1673 3718 Conventum,
1688 3677 1923 3713 Concordatum,
1939 3674 1974 3706 &
1992 3671 2171 3704 Conclufiim
2185 3672 2244 3712 est,
2259 3674 2342 3714 quod

1281 3721 1372 3751 nullus
1393 3719 1598 3757 praedictorum
1619 3718 1665 3749 vel
1686 3718 1716 3748 in
1736 3718 1793 3747 hoc
1808 3714 1947 3747 Tra&am
1969 3711 2270 3756 Comprehensorum,
2288 3714 2344 3746 du-

1281 3768 1358 3789 rante
1372 3757 1448 3788 Pace
1461 3759 1494 3788 &
1510 3756 1649 3787 Amicitia
1662 3755 1822 3794 praedie‘cis,
1840 3752 1982 3791 permittet
1995 3749 2131 3780 Subditos
2153 3748 2214 3782 suos
2233 3752 2340 3785 servire

1281 3799 1310 3827 in
1329 3797 1406 3827 Bello
1417 3797 1501 3826 alicui
1516 3796 1663 3827 dictorum
1676 3792 1955 3825 Confoederatorum
1969 3797 2068 3819 contra
2084 3787 2214 3820 Alterum
2223 3812 2233 3828 ,
2248 3801 2266 3821 n
2304 3801 2340 3823 ue

1280 3835 1391 3865 Milites
1411 3834 1547 3865 Externos
1569 3833 1749 3873 quoscunque
1771 3832 1828 3862 live
1851 3827 1961 3872 Pedites
1984 3827 2042 3857 five
2071 3825 2185 3865 Equites
2208 3838 2266 3860 non
2301 3830 2339 3861 ‘bi

1280 3873 1418 3905 Subditos
1430 3883 1481 3913 per
1497 3874 1533 3904 Se
1549 3873 1596 3903 vel
1610 3882 1660 3910 per
1674 3871 1760 3901 alium
1775 3867 1958 3911 stipendiabit
1971 3865 2016 3909 vel
2031 3868 2175 3897 conducet
2195 3876 2242 3898 aut
2263 3878 2341 3899 con-

1279 3913 1345 3943 duci
1359 3912 1459 3949 faciet,
1478 3913 1523 3943 seu
1538 3920 1639 3942 eorum
1653 3909 1752 3948 Opera
1767 3909 1852 3938 etiam
1873 3905 1923 3936 sibl
1937 3913 2024 3942 gratis
2036 3903 2130 3935 oblata
2152 3914 2241 3936 utetur
2263 3915 2339 3938 00¹¹*

1277 3961 1319 3983 tra
1333 3950 1458 3988 aliquem
1470 3950 1672 3988 praedietorum
1687 3946 1963 3978 Confoederatorum
1983 3942 2029 3974 seu
2051 3942 2169 3974 inferius
2192 3943 2338 3981 Compre-

1279 3990 1449 4028 hensorum,
1466 3990 1522 4021 live
1539 3996 1638 4020 contra
1652 3995 1755 4017 eorum
1766 3983 1918 4021 Subditos,
1936 3979 2058 4021 Regna,
2083 3980 2206 4021 Patrias,
2221 3983 2256 4014 &
2269 3982 2337 4051 1330·

2312 4029 2335 4051 ις

2372 265 2391 284 '¹‘
2415 264 2503 294 xm.

2415 313 2429 331 2
2451 325 2460 333 .

2381 3303 2397 3320 *
2408 3305 2495 3333 x111.

2389 3343 2458 3379 ⁶²7·
