2542 4274
80 1016 193 1047 txlv.

80 1056 146 1092 536.

796 161 906 203 ET
1007 162 1267 204 ACTA

68 250 147 282 Arm.
161 250 202 281 D·
228 253 334 290 tiones,
353 248 577 290 Componendi,
603 246 787 286 paciscendi,
809 249 968 287 Firmandi,
991 250 1137 282 Statuendi
1160 251 1194 282 &
1219 249 1282 280 Ro-

73 297 187 357 ἕξις-’,ἔι-
229 291 366 328 borandi,

266 330 397 360 Necnon
411 326 448 356 de
462 327 496 357 &
510 325 590 364 super
604 325 738 354 omnibus
752 324 785 355 &
799 324 909 362 singulis
920 324 1174 366 Contentionibus,
1192 327 1284 365 Qiae-

228 367 364 398 stionibus
377 388 386 404 ,
404 364 540 400 Guerris,
558 363 655 392 Cauiis
671 386 680 401 ,
707 363 837 400 Qerelis
850 385 859 401 ,
886 364 997 394 Litibus
1016 386 1025 401 ,
1051 367 1231 403 Attemptatis
1249 365 1283 394 &

228 403 403 440 Demandis,
423 411 478 432 tina
492 411 558 431 cum
571 400 625 431 suis
635 400 868 437 circumstantiis,
886 403 1093 440 emergentibus
1105 427 1114 440 ,
1142 413 1283 441 compen-

227 442 358 473 dentibus
373 443 407 472 &
423 441 575 476 connexis,
595 449 660 477 quae
676 441 749 469 inter
762 440 822 468 Nos
835 440 868 469 &
885 438 995 470 dicium
1011 439 1283 481 Excellentiffimum

228 480 396 518 Principem
414 479 447 508 &
472 478 655 508 Avunculum
675 478 807 507 nostrum
830 478 943 514 Angliae
964 481 1060 515 Regem
1076 501 1086 516 ,
1110 490 1144 510 ac
1164 480 1283 518 Regna,

225 519 345 554 Terras,
365 516 520 553 Dominia‚
540 516 643 546 Patrias
662 517 695 547 &
710 515 807 552 Loca,
825 515 976 553 Subditos,
1005 517 1137 548 Vaffallos
1151 541 1160 555 ,
1179 519 1283 556 Alliga-

226 565 289 593 tos,
307 555 529 585 Confoederatos
542 556 576 585 ὃ(
591 555 774 584 Adhaerentes
788 554 933 590 praediCios
947 555 1083 586 hincinde
1106 555 1227 593 pendere
1240 556 1282 585 di-

227 594 402 632 noscuntur,
419 593 591 630 Tractatum,
610 591 830 630 Conveniendi,
848 592 1070 631 Appunctuandt
1087 595 1121 624 ὃς
1144 593 1281 632 Compo-

229 633 316 663 nendi
549 647 553 652 Δ

267 654 400 701 Νεῖῑῃοη
424 669 607 707 quoscunque
628 666 762 698 Subditos
780 668 890 699 nostros
912 668 1126 708 Malefactores,
1147 670 1285 700 Homici-

228 708 294 746 das,
316 709 417 746 Fures,
435 709 584 743 Latrones,
600 707 679 743 Juxta
696 706 786 745 Leges
799 707 832 737 &
845 706 1066 738 Consuetudines
1087 708 1284 739 Marchiarum

230 747 329 784 Regni
344 746 435 777 nostri
448 746 555 776 Scotiae
569 744 662 775 debite
676 746 766 782 puniri
784 745 986 784 promittendi,

266 785 398 816 Necnon
416 783 548 814 Rebelles
572 782 642 812 dieti
665 783 812 814 Avunculi
835 783 924 813 nostri
946 785 975 813 in
998 783 1134 822 Regnum
1156 785 1285 815 nostrum

232 819 274 854 Fu
297 825 395 860 ientes,
417 823 499 852 certis
524 821 612 851 modo
635 822 668 853 ὃ(
690 822 782 852 forma
796 843 806 858 ‚
830 821 924 852 eidem
948 821 1103 852 Avunculo
1125 823 1222 853 nostro
1241 832 1288 854 aut

232 832 384 892 sufficienti
398 859 544 898 Deputato
558 859 705 889 tradendos
729 861 762 889 &
777 859 971 889 deliberandos
987 859 1141 891 Annuendi
1155 862 1188 892 ὃς
1203 861 1288 892 Con·

233 900 388 936 sentiendi,
408 907 522 928 necnon
549 897 642 934 Leges
659 898 763 928 Statuta
787 898 820 928 ὅτ.
841 897 1040 929 Ordinationes
1061 908 1113 937 pro
1136 899 1289 930 Punitione

231 937 391 976 hujusmodi
405 935 630 967 Malefactorum
645 936 680 966 de
700 945 780 967 novo
799 935 943 967 Statuendi
965 935 1120 967 Condendi
1143 939 1176 970 &
1201 938 1289 969 ordia

230 976 316 1007 nandi

268 1015 287 1034 *
305 998 351 1044 Α’(ῑ
367 1014 528 1051 cuicunque
541 1012 696 1052 Privilegio
713 1019 770 1043 tarn
783 1011 858 1051 Juris
879 1022 965 1050 quam
989 1013 1070 1044 Facti
1092 1013 1141 1045 sub
1159 1023 1285 1052 quacun-

230 1062 286 1090 que
307 1053 462 1082 verborum
488 1051 555 1080 serie
580 1051 714 1081 conceffo
740 1051 784 1081 vel
806 1051 994 1081 concedendo
1011 1075 1020 1089 ,
1046 1053 1129 1083 alicui
1153 1053 1290 1090 Capitulo

230 1090 382 1121 Tractatus
397 1091 445 1127 qui
458 1091 529 1119 inter
544 1088 613 1119 Nos
626 1091 659 1121 ὃς
673 1089 782 1119 dictum
797 1088 926 1119 nostrum
944 1090 1129 1121 Avunculum
1143 1091 1290 1122 nostrosve

232 1138 279 1160 aut
293 1129 356 1159 suos
373 1127 596 1158 Commissarios
615 1128 697 1158 initus
712 1127 795 1158 fuerit
808 1127 1000 1158 concordatus
1020 1137 1104 1167 atque
1125 1130 1290 1168 conclusus,

233 1169 337 1206 quovis
351 1166 442 1197 modo
456 1166 657 1204 derogatorio,
675 1166 766 1206 palam
780 1165 906 1206 expresse
925 1168 963 1197 &'
980 1167 1010 1196 in
1034 1169 1093 1198 vim
1119 1167 1200 1198 Paeti
1220 1168 1290 1199 No-

235 1207 314 1236 mine
331 1205 430 1236 nostro
444 1204 643 1235 Renunciandi
1056 1215 1058 1218 ·

274 1244 321 1274 Ac
336 1245 421 1274 etiam
434 1243 615 1280 Securitates,
634 1226 791 1273 Cautiones
801 1266 811 1281 ,
828 1242 987 1281 Promissa,
1014 1243 1225 1283 obligationes,
1241 1244 1292 1274 Li-

232 1290 319 1320 teras,
338 1283 371 1313 &
385 1282 495 1320 Scripta
509 1281 616 1319 ligillata
632 1291 686 1318 pro
709 1281 926 1311 Praemifforum
946 1283 1162 1319 complemento
1181 1283 1292 1312 Nomi-

234 1331 271 1352 ne
286 1320 385 1350 nostro
398 1319 586 1350 Promittendi
601 1319 747 1349 Tradendi
759 1321 792 1351 &
815 1319 1017 1358 Deliberandi,
1041 1331 1074 1351 ac
1093 1321 1292 1359 Juramentum

234 1361 267 1390 in
284 1359 422 1390 Animam
439 1357 563 1388 nostram
579 1356 734 1387 Praestandi
749 1380 759 1394 ,

274 1396 495 1434 Conlimiliaque
512 1396 694 1433 Securitates,
711 1395 884 1433 Cautiones,
901 1394 1055 1433 Pmmtffi,
1081 1396 1293 1436 obligationes,

238 1435 345 1466 Literas
368 1436 401 1466 &
422 1434 621 1473 Juramentum
644 1443 659 1463 a
681 1434 801 1470 praefato
832 1434 1015 1464 Serenissimo
1044 1434 1178 1473 Principe
1204 1436 1295 1474 ejusve

237 1472 443 1504 Commissario
462 1472 586 1503 fimiliter
598 1471 756 1510 Exigendi,
772 1471 930 1509 Stipulandi
945 1474 977 1503 δε
993 1471 1162 1510 Recipiendi
1173 1496 1182 1510 ,

274 1511 415 1542 Universa
428 1511 462 1542 &
477 1510 580 1549 lingula
595 1519 659 1546 quae
671 1519 719 1547 per
734 1509 865 1546 praefatos
880 1509 1033 1548 Oratores,
1058 1511 1292 1549 Commissarios,

236 1549 455 1585 procuratum,
470 1548 633 1584 Deputatos
647 1548 680 1577 ὃς
697 1546 730 1576 N
734 1548 833 1577 uncios
847 1547 957 1579 nostros
977 1548 1173 1587 Appunetuata
1183 1572 1192 1587 ,
1211 1548 1295 1578 Con-

236 1595 322 1620 venta
333 1610 344 1624 ,
361 1585 504 1616 Conclusa
520 1586 553 1616 &
569 1585 755 1615 Concordata
774 1585 878 1615 fuerint
895 1585 1024 1616 Vallandi
1038 1611 1048 1624 ,
1073 1587 1244 1617 Roborandi
1262 1588 1295 1618 δε

237 1624 425 1658 Affecurandi
439 1633 486 1661 per
502 1623 580 1655 Fidei
594 1623 838 1662 interpositionem
854 1623 1097 1661 &juramentum
1112 1627 1141 1655 in
1159 1626 1295 1656 Animam

237 1663 361 1695 nostram
378 1662 584 1700 praestandum,
768 1699 772 1705 Ι
980 1701 985 1705 ¹

276 1701 408 1732 Necnon
424 1700 460 1730 de
473 1701 507 1732 δε
518 1699 597 1737 super
611 1699 775 1737 hujusmodi
790 1699 1000 1737 Appunctuatis
1011 1701 1045 1732 &
1059 1700 1227 1738 Conclufis,
1241 1710 1299 1731 cae-

239 1740 360 1778 terisque
373 1739 506 1770 omnibus
520 1739 553 1769 &
570 1737 679 1776 finguirs
702 1737 850 1768 Praemiffa
869 1737 1098 1778 qualitercunque
1120 1749 1298 1770 concernen-

237 1780 328 1818 tibus,
348 1787 412 1816 quae
426 1787 495 1808 curn
530 1776 628 1807 raefato
644 1777 798 1807 Avunculo
813 1776 912 1807 nostro
922 1777 967 1807 seu
988 1778 1046 1815 ejus
1070 1777 1296 1815 Commiffariis‚

238 1817 492 1853 Procuratoribus,
544 1816 661 1853 eputatis
674 1816 706 1846 ὃς
723 1814 758 1844 N
761 1816 850 1845 unciis
864 1815 1004 1851 praedietis
1027 1817 1212 1854 appunttuata
1226 1826 1298 1846 con-

237 1856 353 1887 cordata
368 1856 402 1886 &
416 1855 546 1885 conclusa
559 1854 678 1890 fuerint,
698 1853 814 1884 Litteras
829 1853 931 1884 validas
947 1855 980 1885 &
995 1852 1125 1885 efficaces
1145 1865 1197 1893 pro
1219 1863 1297 1893 parte

239 1893 334 1925 nostra
350 1893 495 1924 Tradendi
510 1893 543 1923 &
558 1890 758 1928 Deliberandi,

277 1931 451 1967 Litterasque
464 1931 525 1960 alias
538 1930 695 1960 consimilis
706 1928 823 1960 effectus
836 1930 870 1960 &
884 1930 990 1967 vigoris
1003 1939 1040 1959 ex
1055 1929 1136 1961 altera
1154 1930 1236 1961 Parte
1244 1930 1298 1961 Pe-

239 1971 316 2000 tendi
332 1970 365 2000 &
381 1968 568 2005 Recipiendi,
1233 2008 1237 2012 ²

278 2008 314 2038 Et
328 2008 491 2045 generaliter
506 2006 605 2037 omnia
617 2005 762 2037 Praemissa
776 2005 808 2036 &
818 2005 1034 2036 Praemissorum
1048 2005 1151 2044 singula
1165 2007 1297 2044 qualiter-

243 2056 358 2084 cunque
373 2046 573 2076 concernentia
602 2044 735 2074 Faciendi
756 2043 913 2074 Exercendi
937 2045 970 2076 ὃ(
996 2043 1171 2082 Expediendi
1184 2069 1194 2084 ,
1212 2048 1250 2076 ita
1267 2046 1302 2076 &

242 2085 344 2116 eodem
362 2084 451 2114 modo
467 2083 536 2114 sicut
557 2082 626 2112 Nos
646 2083 694 2120 ipsi
718 2083 871 2112 faceremus
893 2084 926 2114 ὃς
947 2083 1040 2114 facere
1066 2083 1208 2121 pollemus
1230 2084 1249 2114 fi
1272 2085 1301 2114 in

243 2125 355 2161 propria
370 2121 492 2153 Persona
511 2121 603 2151 nostra
617 2120 822 2158 interessemus,
840 2120 888 2151 etsi
904 2120 966 2152 talia
981 2121 1033 2151 sint
1051 2131 1116 2159 quae
1130 2121 1301 2153 Mandatum

243 2162 279 2192 de
299 2162 325 2192 se
345 2163 430 2200 magis
443 2161 551 2198 exigant
567 2159 701 2197 speciale,
738 2197 743 2202 ¹
968 2198 973 2203 .
1109 2198 1113 2204 .

282 2201 503 2235 Promittentes,
519 2198 596 2228 bonit
610 2197 678 2228 Fide
690 2200 723 2228 &
737 2207 765 2227 in
780 2196 880 2227 Verbo
896 2195 1013 2235 Regio,
1032 2207 1130 2228 omnia
1156 2200 1189 2230 ὅτ,
1211 2199 1303 2238 fingu-

242 2241 268 2270 la
283 2249 346 2277 quae
362 2248 409 2275 per
429 2239 558 2275 praefatos
572 2235 809 2272 Commiffarios,
833 2235 982 2273 Oratores,
1012 2236 1229 2275 Procuratores,
1247 2239 1302 2268 Le-

246 2287 344 2315 gatos,
370 2277 548 2313 Dcpurzuos,
573 2276 606 2305 ὅ(
629 2273 765 2304 Nuncios
787 2274 899 2303 nostros
919 2275 1126 2313 appunc‘tuata,
1155 2276 1305 2314 promisla,

242 2315 414 2346 concordata
429 2316 461 2344 &
476 2313 607 2344 conclula
621 2312 724 2343 fuerint
737 2313 765 2341 in
783 2312 835 2342 hac
848 2321 925 2349 parte
939 2334 949 2349 ‚
980 2311 1048 2343 Nos
1069 2312 1158 2344 Grata
1179 2313 1252 2344 Rata
1269 2315 1302 2344 ὃς

244 2355 340 2384 Firma
354 2354 496 2382 habituros
513 2352 546 2381 &
559 2350 772 2387 observaturos,
791 2352 823 2380 &
839 2351 984 2389 superinde
999 2351 1115 2381 Litteras
1130 2351 1237 2382 nostras
1251 2352 1304 2382 Pa-

243 2401 348 2428 rentes,
369 2390 479 2429 Magno
493 2387 591 2419 nostro
606 2389 705 2456 Sigillo
720 2388 841 2426 sigillatas
859 2387 1010 2425 Manuque
1025 2389 1119 2419 nostra
1132 2390 1304 2433 subscriptas,

243 2431 379 2460 omnium
394 2430 427 2459 δε
443 2429 615 2466 singulorum
1037 2467 1040 2470 Ι

241 2470 277 2501 ὃς
291 2467 499 2506 approbatorias
508 2489 517 2504 ,
536 2468 565 2496 in
579 2468 670 2496 forma
684 2466 778 2495 debita
790 2472 874 2503 prout
888 2474 960 2504 opus
973 2465 1055 2496 fuerit
1067 2466 1190 2497 daturos.

280 2546 314 2576 In
330 2545 412 2583 cujus
424 2543 480 2574 Rei
493 2542 709 2573 Testimonium
730 2541 874 2580 Magnum
886 2540 1022 2578 Sigillum
1036 2540 1167 2582 nostrum
1180 2541 1305 2573 Praesen⁴

243 2585 323 2615 tibus
343 2583 464 2621 appendi
488 2581 608 2612 fecimus
629 2580 702 2618 apud
724 2579 883 2617 Edinburgh
900 2579 1028 2610 Decimo
1042 2582 1118 2609 lexto
1140 2581 1201 2611 Die
1216 2581 1303 2611 Men-

245 2623 278 2654 sis
293 2623 315 2653 F
317 2622 453 2658 ebt-uarii,
472 2620 561 2649 Anno
577 2619 699 2650 Domini
716 2617 872 2648 Millesimo
884 2617 1125 2657 Qiingentelimo
1138 2619 1301 2651 Tricelirno

245 2663 344 2698 tertio,
362 2660 394 2690 ὃ(
410 2659 504 2697 Regni
518 2657 608 2687 nostri
626 2656 768 2687 Vicesimo
784 2658 888 2694 primor

285 2738 416 2766 Henricus
429 2734 570 2769 Ottavus,
590 2731 647 2762 Dei
665 2732 762 2770 gratia,
780 2731 893 2770 Angliae
907 2731 944 2767 &
959 2733 1079 2763 Franciae
1096 2736 1156 2763 Rex
1171 2733 1306 2774 Defhnsbr

245 2773 371 2808 Fidei&
385 2776 516 2803 Dominus
536 2770 691 2808 Hiberniae,
709 2771 840 2801 univerfis
853 2771 885 2801 &
900 2771 1010 2809 lingulis
1025 2772 1059 2802 ad
1081 2781 1206 2810 quorum
1231 2774 1301 2804 No-

245 2815 316 2844 titias
331 2816 476 2849 praerentes
491 2811 594 2840 Literae
610 2810 805 2848 pervenerint,
823 2809 958 2840 Salutem.

283 2852 382 2882 Sciatis
399 2849 477 2887 quod
490 2848 574 2885 Nos,
667 2884 682 2890 ..
833 2887 838 2892 ι
862 2887 867 2892 ¹
929 2887 933 2892 Ι
1095 2886 1101 2891 .
1147 2888 1153 2894 ·

281 2889 330 2919 De
346 2888 536 2919 Fidelitatibus
551 2884 697 2916 Industrus
709 2886 742 2918 &
758 2885 882 2925 providis
896 2885 1210 2926 circumspectionibus
1225 2888 1304 2919 Prae-

244 2928 417 2959 diledlmrum
432 2927 465 2957 δι
482 2924 621 2955 Fidelium
638 2922 871 2954 Consiliariorum
894 2924 1058 2956 nostrorum
1080 2925 1186 2956 Thomae
1206 2928 1306 2957 Aude-

248 2967 287 3003 Iey
303 2966 405 2996 Militis
418 2964 585 2995 Cancellarii
599 2962 689 2993 nostri
701 2963 832 3001 Angliae,
847 2972 880 2993 ac
903 2963 1010 2993 Thomae
1033 2964 1185 2994 Crumwell
1208 2965 1304 2996 Armi-

247 3005 307 3043 geri
324 3004 453 3034 Primarii
466 3002 611 3034 Secretarii
623 2999 731 3039 nostri,
749 3001 988 3040 Dilestorumque
1002 3003 1032 3031 in
1045 3001 1163 3032 Christo
1178 3004 1303 3033 Edwar-

247 3043 276 3072 di
290 3043 349 3071 Fox
365 3042 466 3080 Magni
482 3039 691 3071 Eleemosinarii
708 3039 813 3077 nostri,
840 3039 974 3077 Johannis
996 3040 1166 3077 Trigunwell
1187 3041 1230 3072 Le
1251 3052 1301 3072 um

247 3080 388 3111 Doctoris
399 3079 508 3117 judicis
535 3078 696 3115 Principalis
721 3078 930 3109 Admirallitatis
960 3077 1073 3117 Angliae
1086 3101 1096 3116 ,
1124 3080 1156 3109 δε
1177 3084 1226 3110 Ric
1245 3082 1306 3110 ardi

247 3122 349 3148 Gwent
364 3118 557 3148 Decretorum
573 3116 712 3147 Doctoris
734 3116 832 3147 Curiae
855 3115 1078 3155 Metropoliticae
1100 3117 1305 3151 Cantuarienlis

248 3156 387 3187 Officialis
402 3155 563 3193 Principalis
575 3154 776 3193 Confidentes,
1162 3158 1166 3162 ’

289 3194 365 3234 Ipsos
380 3193 490 3223 nostros
504 3203 584 3223 veros
598 3194 631 3223 &
644 3192 814 3225 indubitatos
828 3192 1061 3231 Commissarios,
1082 3193 1301 3235 Procuratores,

249 3232 385 3263 Oratores
396 3255 406 3270 ,
424 3232 563 3270 Legatos,
578 3230 752 3268 Deputatos,
769 3233 803 3263 &
815 3231 953 3263 Nuncios
971 3232 1100 3269 speciales
1113 3233 1302 3273 Affignamus,

248 3271 396 3306 Facimus,
415 3268 643 3305 Constituimus,
662 3268 696 3298 &
712 3268 887 3300 Ordinamus
902 3280 951 3307 per
970 3271 1137 3309 Praesentes,
1260 3274 1267 3281 '¹

287 3309 396 3339 Dantes
417 3310 449 3339 ὃ(
469 3306 670 3337 Concedentes
691 3306 794 3337 eisdem
814 3308 993 3344 conjunctim
1009 3308 1133 3339 nostram
1149 3309 1300 3347 plenariam

247 3346 420 3378 Potestatem
445 3346 477 3375 &
502 3345 706 3375 Auctoritatem
728 3355 763 3376 ac
782 3343 956 3375 Mandatum
978 3346 1093 3384 speciale
1107 3349 1139 3378 &
1158 3350 1301 3388 generale,

247 3396 301 3424 pro
324 3384 423 3415 Nobis
441 3385 476 3415 ὃς
497 3383 632 3413 Nomine
646 3383 745 3414 nostro
777 3392 846 3415 cum
859 3383 1039 3415 serenissimo
1056 3385 1187 3425 Principe
1198 3387 1303 3425 Jacobo

246 3429 380 3455 Scotorum
402 3426 470 3458 Rege
492 3421 611 3459 Nepote
624 3420 722 3452 nostro
760 3421 913 3452 'hariffimo
925 3423 1018 3461 ejusve
1032 3423 1303 3466 Ambaffiatoribus,

247 3461 470 3497 Commiffariis‚
485 3458 734 3498 Procuratoribus,
751 3459 936 3498 Oratoribus,
954 3461 1103 3499 Deputatis
1114 3472 1161 3494 aut
1175 3463 1210 3493 N
1213 3466 1301 3496 unciis

247 3500 435 3532 sufficientem
450 3496 623 3528 Potestatem
637 3499 670 3528 &
686 3498 892 3530 Auetoritatem
907 3501 944 3529 ab
957 3510 993 3530 eo
1006 3501 1040 3530 ad
1053 3501 1110 3531 hoc
1125 3502 1301 3542 habentibus,

248 3548 307 3570 tarn
327 3539 363 3569 de
376 3540 408 3568 ὅ(
422 3537 503 3574 super
517 3545 598 3573 vera,
616 3534 714 3573 firma,
732 3536 797 3567 reali
810 3537 844 3567 &
857 3545 990 3577 perpetua
1005 3539 1050 3569 vel
1064 3542 1231 3577 temporaria
1248 3541 1302 3573 Pa-

246 3588 281 3609 ce
294 3586 379 3615 atque
390 3575 574 3610 Concordia,
611 3583 675 3617 uam
687 3574 723 3617 de
737 3576 770 3605 δε
783 3576 864 3619 super
874 3575 994 3615 Treugis
1007 3577 1040 3607 &
1055 3576 1226 3609 Guerrarum
1240 3580 1301 3610 Ab-

247 3616 384 3647 stinentiis
398 3637 408 3651 .,
430 3615 511 3652 Ligis
525 3635 535 3651 ‚
557 3613 583 3643 A
619 3613 748 3642 nitatibus
762 3635 772 3649 ‚
797 3612 956 3651 Amicitiis‚
982 3615 1142 3653 mutuisque
1164 3617 1301 3650 hincinde

247 3654 365 3685 Auxiliis
379 3653 412 3684 δε
427 3651 592 3683 Assistentiis
605 3651 734 3688 quotiens
749 3659 821 3689 opus
834 3650 917 3681 fuerit
930 3653 1108 3691 praestandis,
1122 3664 1236 3686 necnon
1252 3656 1300 3687 In-

248 3692 406 3731 telligentiis
425 3691 579 3730 Alligantiis
597 3690 629 3719 &
650 3687 952 3719 Confoederationibus
965 3690 1209 3732 quibuscumque,
1227 3697 1301 3725 inter

248 3731 309 3760 Nos
331 3731 365 3762 δί
380 3729 493 3761 dietum
511 3726 723 3759 Serenissimum
737 3729 832 3764 Regem
844 3728 974 3765 Nepotem
986 3727 1101 3766 nostrum
1115 3730 1302 3772 l-laeredesque

249 3769 284 3798 &
305 3768 500 3805 Succeffores,
517 3776 550 3797 ac
571 3766 617 3796 Re
637 3775 688 3802 na,
705 3765 823 3801 Terras,
840 3764 998 3804 Dominia‚
1014 3766 1134 3807 Patrias,
1153 3769 1301 3811 Subditos,

249 3804 373 3836 Vasallos
388 3828 400 3844 ‚
420 3806 575 3841 Faventes,
631 3802 844 3846 onfoederatos,
866 3804 900 3835 &
924 3803 1109 3847 Adhaerentes
1137 3808 1248 3839 nostros
1264 3812 1298 3842 &

249 3844 310 3873 suos
328 3845 510 3882 quoscunque
523 3866 533 3882 ,
559 3842 693 3874 hincinde
715 3842 841 3884 ineundis
858 3863 868 3879 ‚
889 3843 1049 3885 capiendis,
1070 3848 1278 3883 componendis
1293 3871 1303 3887 ,

250 3881 440 3920 celebrandis,
466 3884 499 3913 &
522 3881 674 3919 habendis,
696 3878 915 3923 Conveniendi,
938 3879 1202 3925 Communicandi,
1227 3886 1302 3917 Tra-

251 3918 364 3957 ctandi,
384 3919 620 3959 AppunCtuandi,
638 3918 860 3955 Concordandi‚
878 3917 1060 3958 Paciscend1‚
1078 3931 1112 3952 ac
1134 3921 1251 3955 finaliter
1266 3926 1301 3957 ὃς

94 3974 115 3993 ῃ
140 3976 224 4002 XIV⁴
251 3959 357 3995 integre
371 3956 587 3989 Determinandi
601 3961 634 3990 &
647 3956 866 3994 Concludendi‚

89 4021 107 4048 5
112 4022 123 4049 3
131 4022 158 4048 7·

289 3995 309 4030 ἢ*
322 3994 497 4032 Hujusmodi
508 3995 614 4029 Pacem
629 3997 662 4029 δι
678 3995 879 4028 Concordiam
891 4003 926 4027 ac
938 3994 1066 4035 Treugas
1081 3997 1115 4028 &
1125 3996 1300 4032 Guerrarum

658 2427 847 2456 raemissbrtim
875 2426 1101 2458 confirmatorias
1122 2427 1307 2459 ratificatorias

1349 158 1814 204 PUBLICA.
2305 183 2380 225 213

1324 245 1542 290 Abstinentias,
1556 246 1656 282 Ligas,
1681 245 1845 293 Amicitias,
1869 251 2005 293 Foedera,
2025 254 2198 295 Affinitates‚
2215 256 2377 297 Inteujgen-
2401 249 2476 281 Ann.
2490 251 2533 282 D-

1329 293 1393 321 tias,
1412 285 1571 352 Allcigantias
1585 285 1619 316 &
1637 282 1917 326 Confoederanones‚
1934 293 2048 330 aliasque
2058 296 2224 334 partitiones,
2240 296 2380 327 Conven-
2428 294 2511 328 1534.

1328 324 1433 390 tiortiies,
1481 322 1674 360 omponendi,
1693 321 1873 364 Paciscendi,
1892 328 2052 370 Firmandi,
2066 333 2209 366 Statuendi
2221 335 2254 366 &
2275 334 2380 366 Robo·
2398 332 2460 356 Hm-
2480 329 2506 356 3-

1328 371 1375 391 ran
1398 371 1421 390 i.

1365 399 1496 429 Necnon
1510 398 1546 429 de
1560 400 1593 430 &
1608 399 1686 437 super
1702 400 1838 430 omnibus
1850 402 1883 432 &
1895 402 2005 440 singulis
2013 406 2256 442 Contentionibus
2289 411 2380 450 Qiae-

1328 437 1466 467 stionibus
1479 459 1488 474 ,
1515 437 1633 468 Guerris
1647 460 1656 475 ,
1680 437 1793 476 Causis,
1816 439 1960 477 Querelis,
1989 443 2115 484 Litibus,
2141 435 2321 487 Attempssatjs
2347 451 2380 481 ὅς

1328 475 1508 512 Demandis‚
1528 485 1584 506 una
1598 485 1668 506 cum
1685 476 1736 507 suis
1753 477 1985 515 circumstantiis,
2004 487 2229 524 emergentibus,
2248 489 2378 518 inciden-

1328 515 1420 548 tibus,
1445 513 1702 552 compendentibus
1721 516 1754 546 &
1775 516 1929 553 connexis,
1948 526 2012 553 quae
2033 520 2104 549 inter
2127 523 2192 552 Nos
2213 527 2244 555 ὃς
2267 527 2379 556 dictum

1329 551 1532 582 Chariffimum
1563 552 1714 590 Nepotem
1737 553 1866 583 nostrum
1890 564 1923 584 ac
1950 554 2070 593 Regna,
2089 559 2201 597 Terras,
2223 563 2378 601 Dominia,

1328 590 1429 620 Patrias
1445 591 1478 620 &
1492 590 1592 628 Loca,
1612 591 1763 629 Subditos,
1784 591 1921 630 Varamos,
1939 593 2095 633 Alligatos,
2114 597 2377 631 Contoederatos&

1329 628 1513 658 Adhaerentes
1529 628 1678 665 praedict-os
1697 629 1831 660 hincinde
1851 633 1971 667 pendere
1990 633 2192 673 dinoscuntur,
2209 637 2238 666 T
2242 639 2380 677 tractandi,

1328 666 1548 704 Conveniendi,
1568 666 1767 705 Appuetuandi
1784 670 1817 698 ὅτ
1833 668 2041 706 Componendi
2052 693 2061 708 ‚

1367 705 1499 734 Necnon
1520 703 1701 743 quoscunque
1725 706 1859 737 Subditos
1881 707 1993 738 nostros
2015 707 2231 747 malefactores,
2248 711 2384 744 Homicia

1329 742 1375 772 das
1386 765 1396 781 ,
1414 742 1515 778 Fures,
1532 742 1685 781 Latrones,
1701 744 1780 781 juxta
1794 745 1883 784 Leges
1899 746 1932 776 δε
1948 746 2173 778 Consuetudines
2188 748 2384 781 Marchiarum

1331 780 1431 817 Regni
1446 780 1533 810 nostri
1550 780 1662 818 Angliae
1676 781 1771 813 debite
1786 786 1876 820 puniri
1892 784 2100 823 promittendi,

1369 818 1500 849 Necnon
1522 817 1653 850 Rebelles
1675 819 1744 850 dicti
1767 821 1926 852 Charisfimi
1950 823 2074 861 Nepotis
2094 823 2184 854 nostri
2205 826 2232 854 in
2254 824 2387 864 Regnum

1331 856 1462 887 nostrum
1479 857 1640 896 Fugientes,
1659 859 1742 888 certis
1758 860 1850 890 forma
1863 862 1895 892 &
1913 861 2019 899 modo,
2035 863 2127 893 eidem
2144 862 2316 894 Chariffimo
2324 864 2389 893 Ne·

1331 896 1391 934 poti
1408 894 1504 925 nostro
1516 903 1563 925 aut
1577 895 1627 925 suo
1644 895 1794 927 sufficienti
1810 897 1955 936 Deputato
1969 901 2117 931 tradendos
2145 903 2177 932 &
2197 901 2390 932 deliberandos
2441 915 2444 919 ·

1334 933 1490 964 Annuendi
1520 934 1553 964 &
1576 932 1779 965 Consentiendi
1794 957 1804 973 ,
1828 945 1941 966 necnon
1959 937 2052 974 Leges
2078 939 2185 970 Statura
2206 941 2238 970 δε
2266 940 2390 970 Ordina-

1334 973 1424 1003 tiones
1439 981 1491 1008 pro
1505 970 1658 1002 Punitione
1673 973 1834 1011 hujusmodi
1849 974 2071 1006 Malefaetorum
2092 977 2126 1007 de
2149 989 2228 1008 novo
2243 978 2390 1010 statuendi

1335 1009 1489 1040 Condendi
1507 1010 1540 1040 ὃς
1555 1009 1727 1049 Ordinandi,

1371 1050 1416 1079 Ac
1433 1049 1594 1086 cuicunque
1610 1048 1765 1087 Privilegio
1785 1057 1841 1080 tarn
1854 1049 1932 1089 Juris
1948 1060 2033 1088 quam
2051 1051 2128 1082 Facti
2150 1053 2200 1083 sub
2223 1063 2333 1092 quacun
2356 1065 2391 1086 ue

1334 1087 1491 1117 verborum
1507 1086 1573 1117 serie
1587 1088 1722 1118 concello
1738 1088 1782 1118 vel
1796 1090 2005 1128 concedendo,
2022 1090 2106 1120 alicui
2122 1090 2257 1129 Capitulo
2271 1094 2331 1125 Tra
2364 1105 2392 1124 a·

1334 1133 1379 1156 tus
1391 1126 1442 1162 qui
1456 1126 1528 1155 inter
1544 1125 1612 1154 Nos
1627 1127 1660 1155 &
1673 1126 1785 1156 dietum
1801 1126 2002 1158 Chariffimum
2019 1127 2169 1168 Nepotem
2189 1131 2316 1161 nostrum
2336 1143 2393 1163 no-

1336 1162 1442 1193 strosve
1458 1171 1506 1193 aut
1518 1164 1578 1193 suos
1594 1162 1812 1194 Commisfarios
1826 1166 1910 1196 initus
1922 1167 2006 1196 fuerit
2018 1169 2208 1199 concordatus
2222 1177 2305 1207 atque
2320 1179 2392 1200 con-

1336 1201 1443 1239 clusus,
1460 1202 1652 1239 quovismodo
1665 1202 1861 1243 derogatorio,
1880 1205 1969 1242 palam
1986 1206 2109 1243 expresse
2124 1208 2157 1237 &
2180 1208 2210 1237 in
2232 1209 2293 1239 vim
2310 1208 2393 1239 Paeti

1338 1239 1474 1270 Nomine
1486 1238 1584 1269 nostro
1597 1239 1798 1271 Renunciandi
1807 1266 1815 1279 ,

1374 1279 1419 1308 Ac
1434 1280 1519 1308 etiarn
1533 1279 1712 1317 securitates,
1732 1280 1907 1318 Cautiones,
1924 1280 2079 1319 Promissa,
2099 1282 2312 1323 Obligationes‚
2333 1284 2394 1315 Lit-

1337 1324 1420 1354 teras,
1440 1318 1474 1348 &
1488 1316 1596 1353 Scripta
1613 1316 1722 1355 sigillata
1736 1328 1788 1355 pro
1804 1317 2018 1350 Praemiss'orum
2041 1322 2259 1359 complemento
2281 1323 2393 1353 Nomi-

1337 1365 1373 1385 ne
1387 1354 1486 1385 nostro
1501 1354 1686 1385 Promittendi
1701 1356 1845 1386 Tradendi
1867 1357 1900 1388 &
1920 1357 2122 1397 Deliberandi,
2140 1370 2173 1390 ac
2192 1361 2395 1399 juramentum

1338 1394 1368 1422 in
1383 1392 1521 1424 Animam
1540 1393 1668 1424 nostram
1682 1393 1854 1433 Praestandi,

1376 1430 1601 1469 Consimiliaque
1615 1432 1798 1471 Securitates,
1818 1432 1987 1471 Cautiones,
2004 1434 2163 1475 Promissa,
2182 1436 2397 1475 obligationes,

1338 1468 1443 1500 Literas
1454 1470 1487 1501 δε
1498 1469 1696 1508 Juramentum
1714 1482 1728 1502 a
1744 1471 1862 1510 praefato
1875 1471 2047 1504 Chariffimo
2062 1475 2181 1512 Nepote
2194 1475 2290 1505 nostro
2304 1476 2397 1513 ejusve

1338 1507 1547 1538 Commissariis
1562 1509 1685 1540 similiter
1702 1509 1855 1549 Exigendi,
1873 1511 2028 1550 Stipulandi
2043 1512 2076 1542 &
2094 1512 2283 1550 Recipiendi,

1376 1545 1516 1577 Universa
1530 1547 1563 1578 &
1580 1547 1685 1584 fingula
1703 1559 1766 1587 quae
1785 1559 1834 1586 per
1855 1550 1986 1588 praefatos
2006 1549 2242 1589 Commissarios,
2263 1552 2400 1583 Procura-

1339 1591 1431 1622 tores,
1446 1584 1599 1623 Oratores,
1618 1586 1660 1617 Le
1680 1595 1739 1617 atos
1749 1610 1759 1625 ,
1775 1587 1935 1625 Deputatos
1951 1589 1984 1618 &
2000 1588 2036 1618 N
2039 1590 2136 1619 uncios
2152 1589 2264 1620 nostros
2277 1590 2400 1629 Appun=

1342 1623 1453 1660 ἃυειῐα,
1469 1622 1639 1661 Conventa,
1687 1627 1798 1656 onclusa
1811 1626 1845 1656 &
1861 1625 2043 1657 Concordara
2057 1628 2157 1658 fuerint
2173 1628 2299 1659 Vallandi
2309 1651 2320 1666 ‚
2336 1629 2401 1659 Ro-

1342 1661 1461 1691 borandi
1477 1662 1511 1692 &
1527 1661 1711 1693 Affecurandi
1725 1673 1774 1701 per
1791 1664 1870 1694 Fidei
1890 1665 2130 1703 interpositionem
2147 1667 2179 1698 &
2197 1667 2400 1705 Juramentum

1341 1698 1369 1727 in
1387 1699 1523 1729 Animam
1536 1699 1663 1730 nostram
1675 1701 1880 1740 praestandum,

1379 1736 1509 1767 Necnon
1523 1737 1558 1766 de
1569 1738 1602 1768 &
1617 1737 1697 1776 super
1713 1739 1875 1777 hujusmodi
1890 1740 2093 1779 Appuni‘luatis
2107 1743 2140 1772 ὃς
2157 1742 2327 1780 Conclufis,
2344 1752 2401 1773 cae-

1341 1774 1459 1813 terisque
1472 1775 1606 1805 omnibus
1623 1777 1656 1807 &
1672 1776 1781 1816 singulis
1797 1776 1945 1808 Praemifla
1959 1779 2188 1817 qualitercunque
2207 1782 2405 1812 concernenti-

1344 1813 1408 1849 bus,
1428 1823 1492 1851 quae
1509 1822 1577 1843 cum
1592 1814 1711 1851 praefato
1726 1814 1880 1854 Chariffimo
1893 1818 1996 1854 Nepote
2012 1817 2096 1854 nostro
2111 1819 2155 1848 seu
2171 1818 2229 1855 ejus
2245 1818 2402 1849 Ambaffia-

1343 1852 1467 1889 toribus,
1486 1850 1711 1891 Commiffarris‚
1729 1853 1979 1892 ProcuratoribuS,
1998 1855 2184 1894 Oratoribus,
2204 1856 2352 1894 Deputatis
2370 1860 2404 1890 ὃς

1342 1888 1471 1920 Nunciis
1494 1890 1636 1928 praedietis
1660 1893 1847 1929 appunituata
1869 1894 2042 1924 concordata
2064 1896 2098 1925 &
2121 1894 2253 1925 conclusa
2280 1895 2404 1934 fuerint,

1343 1926 1463 1958 Litteras
1481 1929 1581 1959 validas
1601 1930 1777 1960 &efficaces
1790 1941 1843 1968 pro
1859 1940 1935 1970 pai-te
1957 1933 2050 1963 nostra
2070 1933 2213 1963 Tradendi
2237 1935 2269 1963 ὅ(
2288 1933 2405 1964 Delibe-

1342 1966 1439 2003 randi,
1460 1966 1572 1997 Literas
1586 1977 1621 1999 ue
1634 1968 1698 1998 alias
1712 1969 1864 1999 consimilis
1881 1969 2008 2000 Effectus
2024 1972 2057 2001 &
2074 1971 2184 2009 Vigoris
2194 1980 2228 2000 ex
2242 1971 2325 2002 altera
2335 1972 2404 2003 Par-

1343 2010 1370 2033 te
1387 2003 1506 2034 Petendi
1516 2005 1550 2035 &
1563 1977 1734 2043 aecipiendi
1743 2029 1752 2044 ,

1382 2041 1419 2073 Et
1432 2043 1593 2080 generaliter
1608 2045 1703 2073 omnia
1720 2044 1864 2075 Praemiss'a
1881 2046 1914 2076 ὃς
1928 2044 2139 2076 Praemifforum
2156 2047 2260 2085 lingula
2276 2049 2406 2086 qualiter·

1345 2089 1461 2119 cunque
1473 2083 1673 2112 concernentia
1688 2082 1820 2112 Faciendi
1833 2082 1991 2113 Exercendi
2005 2085 2036 2114 ὃ(
2051 2084 2222 2123 Expediendi
2232 2108 2240 2123 ,
2258 2087 2294 2116 ita
2308 2089 2340 2117 &
2357 2098 2406 2118 eo-

1347 2118 1413 2149 dem
1431 2119 1524 2149 modo
1540 2120 1608 2150 sicut
1625 2119 1694 2150 Nos
1711 2121 1767 2160 ipse
1782 2121 1938 2151 faceremus
1953 2124 1985 2153 ὅτ.
2003 2123 2096 2153 facere
2110 2123 2255 2162 pollemus
2271 2124 2290 2153 fi
2305 2127 2333 2155 in
2342 2135 2407 2164 pro-

1348 2158 1408 2193 pria
1424 2156 1542 2188 Persona
1556 2157 1649 2188 nostra
1668 2158 1873 2198 interessemus,
1893 2160 1925 2190 &
1939 2160 1957 2190 si
1973 2161 2033 2191 talia
2048 2161 2101 2192 lint
2112 2172 2175 2200 quse
2185 2162 2358 2194 Mandatum
2370 2165 2406 2195 de

1345 2194 1372 2224 se
1385 2197 1473 2234 magis
1487 2197 1599 2233 exigant
1613 2196 1742 2234 speciale:

1384 2233 1587 2264 Promittenres
1604 2235 1672 2264 Nos
1687 2235 1761 2266 bona
1777 2236 1844 2266 Fide
1857 2236 1890 2266 &
1906 2236 1934 2265 in
1952 2236 2049 2266 Verbo
2064 2236 2160 2279 Regio
2181 2241 2277 2270 omnia
2301 2241 2334 2272 ὃς
2350 2241 2406 2272 sm-

1347 2272 1422 2309 gala,
1446 2282 1511 2309 quae
1531 2282 1580 2309 per
1600 2273 1730 2310 praefatos
1752 2274 1985 2312 Commiffarios,
2009 2275 2157 2313 Oratores,
2187 2278 2406 2318 Procuratores,

1348 2311 1488 2349 Legatos,
1507 2310 1685 2350 Deputatos,
1700 2314 1733 2343 &
1746 2312 1883 2343 Nuncios
1895 2312 2005 2343 nostros
2024 2315 2210 2353 appunctuata
2221 2339 2230 2354 ,
2248 2318 2386 2355 promissa
2395 2341 2406 2356 ,

1347 2348 1520 2379 concordata
1536 2349 1570 2379 δε
1584 2351 1717 2380 conclusa
1733 2351 1839 2381 fuerint
1849 2352 1879 2380 in
1896 2352 1947 2382 hac
1960 2360 2053 2389 parte,
2070 2352 2159 2383 Grata
2175 2354 2249 2386 Rata
2264 2357 2296 2386 ὃς
2310 2356 2406 2387 Firma

1346 2387 1490 2417 habituros
1503 2388 1536 2418 &
1550 2387 1757 2427 observaturos,
1775 2390 1807 2419 δε
1823 2389 1967 2426 superinde
1989 2390 2105 2421 Litteras
2126 2392 2231 2424 nostras
2254 2393 2404 2434 Patentes,

1349 2422 1462 2463 Magno
1478 2425 1577 2455 nostro
1592 2425 1691 2464 Sigillo
1708 2427 1830 2466 sigillatas
1845 2427 1991 2466 Manuque
2008 2429 2100 2459 nostra
2117 2430 2244 2470 signatas,
2263 2436 2400 2465 omnium

1348 2464 1382 2494 &
1402 2463 1573 2501 lingulorum
1589 2463 1803 2495 Praemiss'orum
1818 2466 2038 2496 confirmatorias
2053 2467 2238 2501 ratificatorias
2252 2471 2285 2502 &
2301 2482 2404 2511 appro-

1349 2501 1467 2532 batorias
1476 2523 1486 2538 ,
1504 2502 1533 2531 in
1548 2502 1642 2531 forma
1654 2503 1746 2533 debita
1760 2512 1843 2542 prout
1855 2514 1926 2543 opus
1939 2505 2021 2535 fuerit
2036 2505 2155 2536 daturos.

1386 2538 1419 2568 ln
1436 2541 1512 2576 cujus
1528 2541 1567 2569 rei
1585 2539 1802 2572 Testimonium
1821 2542 2002 2581 praesentibus
2020 2543 2119 2574 Literis
2136 2545 2235 2576 nostris
2247 2546 2338 2578 Manu
2351 2559 2404 2580 no-

1348 2576 1402 2608 stra
1418 2577 1526 2617 lignatis
1540 2577 1684 2617 Magnum
1701 2579 1829 2619 Sigillum
1847 2581 1976 2612 nostrum
1991 2581 2120 2613 duximus
2133 2586 2346 2622 apponendum.

1389 2651 1500 2684 Datum
1513 2654 1585 2691 apud
1605 2654 1742 2698 Pal-atium
1753 2656 1872 2699 ⁴nostrum
1885 2657 1993 2696 Wstm.
2013 2657 2203 2691 Duodecimo
2222 2661 2280 2693 Die
2295 2663 2410 2703 Aprilis,

1351 2691 1439 2723 Anno
1457 2692 1553 2732 Regni
1568 2693 1657 2724 nostri
1672 2694 1817 2725 Vicelimo
1831 2697 1941 2734 quinto.

1385 2768 1419 2799 In
1434 2779 1556 2808 quorum
1571 2771 1704 2801 omnium
1720 2772 1818 2803 Fidem
1840 2773 1873 2804 &
1896 2772 2112 2804 Testimonium
2135 2774 2219 2813 Nos,
2243 2776 2407 2807 Willielmur

1348 2808 1542 2847 Abirdonenfis
1566 2809 1721 2848 Episcopus,
1747 2812 1779 2842 ὅ(
1801 2811 1896 2840 Adam
1921 2811 2069 2841 Ottirburn
2092 2814 2209 2851 saepefari
2229 2813 2406 2846 Illustrisfiuii

1347 2849 1425 2884 Regis
1439 2851 1533 2876 Scotiae
1548 2846 1682 2878 Oratores
1694 2850 1726 2879 ὃς
1741 2849 1934 2880 Commilsarii
1950 2849 2113 2888 supradicti,
2132 2852 2277 2889 praesentes
2301 2854 2407 2885 Literas

1347 2885 1506 2917 Indentatas
1519 2885 1727 2926 subscripsimus
1742 2888 1775 2918 δε
1789 2887 1883 2927 Sigilla
1897 2888 1989 2918 nostra
2003 2889 2108 2919 eisdem
2124 2891 2314 2929 apposuimus.

1383 2962 1496 2993 Datum
1512 2963 1585 3001 apud
1605 2967 1756 2993 Civitatem
1777 2965 1901 2994 London.
1924 2964 2080 2996 undecimo
2102 2965 2161 2997 Die
2183 2966 2289 2998 Mensis
2309 2967 2404 3007 Maii,

1345 2999 1434 3032 Anno
1450 3001 1573 3032 Domini
1588 3002 1747 3034 Millesimo
1765 3003 2003 3042 Quingentesimo
2018 3004 2180 3035 Tricesimo
2196 3006 2317 3045 Quart0.

1383 3077 1688 3110 WILLIELMUS
1707 3079 1940 3111 Emscomrs
1958 3080 2178 3112 ABERDON.

1385 3116 1510 3147 ADAM
1536 3126 1820 3148 oTTIRBURN.

1606 3192 1707 3232 Sigillis
1713 3193 1772 3233 ficis
1789 3204 1854 3224 cerae
1871 3194 1959 3225 rubrae
1977 3206 1995 3224 a
2013 3194 2107 3234 duplici
2125 3195 2210 3225 cauda
2230 3198 2400 3233 Pergamenc

1662 3233 1845 3270 pendentibus.

1345 3371 1372 3398 ᾖ
1394 3372 1562 3406 Indentura
1587 3372 1624 3406 de
1647 3372 1881 3408 Redeliberando
1907 3371 2007 3415 Castro
2018 3374 2086 3415 five
2109 3372 2265 3404 Fortalitio
2290 3373 2326 3406 de
2351 3376 2396 3406 E-
2416 3385 2432 3401 ο
2448 3385 2533 3415 xwg

1388 3421 1547 3468 dryngtone
1570 3421 1674 3454 v‘ocaso
1699 3423 1848 3471 Cawmyll
1869 3426 1899 3453 in
1922 3421 2041 3453 Manus
2064 3423 2151 3467 Regis
2165 3423 2282 3458 Scotiaef
2306 3426 2342 3460 (ῤ’
2361 3422 2397 3455 de
2417 3424 2481 3460 538.

1390 3468 1559 3502 Retinendis
1583 3473 1620 3507 &-
1644 3469 1771 3503 Alcndis
1789 3498 1798 3513 ‚
1834 3474 1864 3501 in
1892 3473 1987 3515 Regno
2010 3469 2142 3515 Angliae,
2169 3470 2298 3502 Domino
2331 3476 2397 3505 Ar-

1388 3516 1526 3549 chibaldo
1555 3517 1626 3549 olim
1658 3519 1771 3552 comite
1800 3517 1934 3564 Anguste
1956 3542 1966 3558 ,
2003 3519 2124 3562 Georgia
2163 3517 2300 3563 Douglas
2334 3521 2398 3564 ejus

1392 3568 1522 3608 Fratre,
1546 3569 1583 3603 (ῥ’
1600 3563 1790 3600 Archibala'o
1814 3566 1949 3612 Douglas
1969 3563 2140 3598 eorumdem
2165 3566 2342 3601 Avunculo.

1344 3661 1483 3719 HAEC
1502 3661 1790 3700 INDENTURA,
2415 3675 2541 3707 Aan

1418 3702 1441 3731 F
1452 3706 1527 3731 Αςτ
1537 3709 1556 3729 Α
1578 3701 1737 3731 Duodecimo
1753 3704 1807 3730 Die
1820 3700 1922 3740 Mensis
1936 3702 2028 3738 Maii,
2047 3699 2135 3732 Anno
2153 3701 2277 3734 Domini
2296 3703 2393 3736 Mille·
2433 3722 2520 3754 1534·

1344 3739 1418 3769 fimo
1449 3739 1690 3776 Quingentesimo
1710 3739 1873 3778 Trigesimo
1895 3747 2011 3776 quartu,
2037 3740 2108 3770 inter
2134 3740 2339 3773 Reverendum
2364 3747 2393 3775 in
2413 3758 2466 3780 An.
2484 3754 2532 3783 26,⁴

1343 3777 1461 3808 Christo
1482 3776 1594 3806 Patrem
1617 3776 1783 3807 Dominum
1806 3776 1978 3806 Wlli‘elmum
2006 3778 2158 3818 Eptsc'opum
2182 3780 2394 3821 Abirdonensbm
2418 3796 2452 3818 H.
2469 3792 2497 3818 8,

1344 3815 1487 3854 Magnum
1501 3814 1719 3845 Thesaurarium
1734 3815 1839 3845 Scotiae
1874 3816 1906 3846 δε
1921 3815 2091 3846 Praeclarum
2114 3817 2279 3849 Dominum
2301 3821 2397 3851 Adam
2418 3834 2457 3855 Ex
2471 3832 2529 3856 Au·

1343 3854 1491 3884 Ottirhurn
1505 3853 1537 3882 de
1550 3851 1678 3881 Reidhall
1687 3852 1815 3887 Militem
1835 3838 2012 3884 fllustriffimi
2029 3853 2117 3894 Regis
2138 3855 2243 3887 Scotiae
2263 3857 2399 3890 Oratores
2416 3874 2479 3903 ngr„
2529 3859 2531 3861 ’

1346 3894 1379 3924 &
1393 3891 1610 3922 Commislarios
1629 3899 1664 3920 ex
1679 3901 1733 3921 una
1753 3891 1851 3929 Parte,
1869 3892 1902 3920 &
1926 3892 2081 3924 Praeclaros
2104 3894 2249 3926 Dominos
2272 3897 2401 3928 Thomam

1346 3931 1466 3960 Awdlee
1481 3929 1607 3959 Militem
1623 3927 1675 3958 Ma
1696 3939 1766 3959 num
1780 3929 1986 3960 Cancellarium
2003 3931 2116 3969 Angliae
2127 3955 2136 3970 ,
2157 3932 2286 3964 Thomam
2306 3939 2402 3966 Crum-

1344 3969 1412 3998 well
1424 3968 1607 4004 Armigerum
1622 3966 1674 3996 Illu
1702 3967 1798 3997 riffimi
1816 3967 1901 4006 Regis
1925 3968 2036 4008 Angliae
2057 3969 2260 4010 secretarium,
2276 3974 2400 4005 Edwar-

1345 4007 1408 4037 dum
1427 4009 1484 4035 Fax
1506 4005 1632 4043 ejusdem
1647 4004 1833 4074 Illustriffimli)
1842 4005 1934 4084 ‹lile3gis
1953 4007 2067 4047 Angliae
2085 4008 2327 4079 Elimosinariutzr,
2344 4014 2400 4051 Jo-

2307 4061 2401 4081 ΒῙΙΤΙΕΙΠ
