2542 4274
119 107 199 148 150
546 71 1790 127 CONVENTIONES,L1TERAE,

1025 166 1058 198 &
1074 161 1184 195 liberari
1226 161 1260 193 &
1276 170 1340 199 quae
1355 160 1455 192 Nobis
1470 161 1563 194 facere
1574 161 1712 206 liceret,fi
1725 160 1878 194 Praemiffis
1891 160 2078 203 personaliter
2091 148 2382 192 inrereffimus»Aflh-
2397 145 2441 180 D·

0 190 46 212 nn.
59 177 102 212 D,
121 182 199 212 c'ierit
214 201 224 216 ,
252 175 286 208 &
305 180 406 205 eorum
422 169 542 211 quilibet
556 169 647 203 tradet
663 170 698 202 &
715 169 845 202 liberabit
863 176 911 201 aut
936 167 1008 199 tradi
1260 201 1264 205 ,
2284 182 2299 206 2

0 219 84 258 1518.
126 220 222 251 faciet.
428 250 434 255 ⁵
843 247 848 252 ¹
1001 245 1005 250 ·
1229 200 1349 245 etiamsi
1366 200 1496 240 expressis
1508 201 1597 246 longe
1613 211 1720 240 majora
1735 201 1805 242 fint,
1823 209 1870 232 aut
1887 202 1951 234 talia
1976 202 2094 239 forent,
2112 210 2177 238 quae
2199 198 2234 228 de
2252 200 2300 228 iua
2331 187 2420 226 1518.

0 267 39 289 im.
63 261 91 289 ὃ.
166 257 198 286 ln
214 260 336 291 quorum
353 259 488 280 omnium
502 249 536 281 ὃς
552 248 724 288 singulorum
742 245 959 278 Praemifforum
974 243 1074 275 Fidem
1083 239 1188 284 &Te7
1230 247 1330 269 natura
1350 239 1385 282 ad
1404 248 1435 269 ea
1457 239 1625 276 perficienda
1648 239 1822 272 Mandatum
1837 240 1954 278 exigunt
1970 242 2061 280 magis
2079 238 2199 278 ipeciale
2215 237 2302 275 quiim
2311 231 2371 256 Hm·
2398 227 2425 254 3'
2451 246 2455 248 ’

129 293 298 327 stimonium
314 289 380 320 Nos
394 312 404 327 ,
420 288 554 319 Oratores
567 287 766 318 Commiffarii
781 286 815 316 &
831 284 1031 315 Procuratores
1052 278 1189 321 antedicti
1231 276 1417 320 Praesentibus
1432 277 1465 308 sit
1477 277 1656 318 expreffum3

130 331 256 365 Domini
269 327 358 359 nostri
372 326 602 358 Christianiffimi
616 330 694 363 Regis
705 328 869 354 Francorum
882 322 1063 360 praesentibus
1071 318 1191 354 Literis,
1272 315 1490 354 Promittentes,
1516 316 1593 347 bona
1617 317 1688 347 Fide
1707 316 1741 347 &
1766 317 1796 346 in
1819 315 1918 347 Verbo
1940 316 2057 356 Regio,
2082 316 2154 349 Nos
2174 314 2301 351 Ratum,

129 369 263 403 Manibus
279 366 380 397 nostris
394 366 567 405 subscriptis,
585 365 683 402 Sigilla
705 363 802 394 nostra
821 360 1011 401 apposuimus.
1235 353 1380 392 Gratum,
1401 355 1435 385 δί
1455 354 1584 385 Firmum
1605 356 1748 386 habituros
1766 355 1795 385 id
1816 362 1911 385 totum
1931 355 1964 386 &
1976 356 2114 394 quicquid
2135 366 2185 395 per
2206 353 2302 384 dictos

1236 392 1388 430 Oratores,
1413 391 1650 434 Commissarios,
1672 393 1874 424 Procuratores
1888 416 1899 432 ,
1917 393 1936 412 *
1961 393 2119 432 Nuncios,
2142 396 2176 427 &
2197 392 2301 429 Depu-

1237 438 1309 461 tatos
1329 431 1457 470 nostros,
1474 431 1521 462 seu
1535 441 1636 463 eorum
1656 441 1872 469 quemcunque,
1900 431 2027 470 Actum,
2047 432 2191 471 Gestum,
2217 431 2301 461 Con-

1238 478 1377 514 ventum,
1397 470 1546 508 Juratum,
1570 478 1616 501 aut
1638 470 1761 501 Factum
1782 470 1867 501 fuerit
1889 471 1919 500 in
1941 469 2113 510 Praemiffis,
2136 472 2170 502 ὃς
2200 478 2304 501 contra

1240 516 1273 538 ea
1287 508 1332 538 vel
1345 508 1472 548 ipsorum
1493 509 1528 539 ali
1550 519 1583 538 ua
1603 509 1682 538 nullo
1705 508 1797 539 modo
1820 509 2037 548 contravenire,
2055 510 2150 540 immo
2171 508 2226 548 ipsa
2241 517 2304 538 ma-

2330 384 2350 405 ar

171 446 248 476 Data
266 446 296 474 in
312 443 385 475 Urbe
404 442 528 473 London.
548 441 595 473 die
619 439 753 472 Secundo
779 437 886 468 Mensis
908 435 1050 468 octobris
1062 456 1073 472 ,
1106 431 1195 464 Anno
2350 384 2450 462 οξξη

81 511 84 514 ,
135 484 260 518 Domini
276 482 434 514 Millesimo
450 481 687 521 Quingentefimo
699 479 816 509 decimo
837 477 954 506 octavo.

13 1261 34 1280 ⁴
45 1262 126 1329 XII}-
150 1293 272 1330 foedus,
290 1291 324 1322 ad
342 1291 466 1321 Laudem
482 1289 538 1319 Dei
553 1288 784 1325 Omnipotentis,
803 1286 935 1317 &totius
953 1285 1055 1322 Populi
1071 1282 1208 1313 Christia-

408 563 561 600 Sequuntur
583 561 695 590 Tenores
719 553 943 593 Commifflonum,

172 637 348 679 Francifius,
369 636 426 668 Dei
444 636 562 675 Gratiti,
579 633 640 670 &c.
655 640 687 664 ut
697 631 784 672 fitpra
800 630 851 662 ult.
871 629 966 670 Julii)

174 719 308 747 Henricur
324 738 334 753 ,
358 714 417 744 Dei
436 712 538 744 Gratis
552 735 562 750 ,
595 714 655 741 Rex
674 708 788 747 Angliae
806 707 843 743 ὠ·
863 710 987 748 Franci?
1011 703 1049 740 ώ-
1068 705 1201 734 Dominus

140 755 299 793 Hiberniae,
316 752 448 783 universis
464 753 497 784 &
510 751 621 791 singulis
641 748 789 788 praesentes
805 748 913 779 Literas
927 743 1108 784 inipeeturis,
1125 740 1203 771 Salu-

141 803 209 825 tem.

179 834 286 862 Notum
292 828 414 870 facimus
431 828 531 868 qubd,
548 827 621 857 cum
642 825 730 857 nichil
753 824 854 855 Nobis
874 823 975 863 gratius
989 829 1035 852 aut
1051 821 1139 851 carius
1154 817 1204 856 fit,

142 872 229 910 quam
245 870 383 908 Qiietem
402 869 435 898 &c
452 865 699 905 Tranquillitatem
716 864 825 894 nedum
834 862 1023 893 Subdirorum
1038 857 1202 889 nostrorum

142 909 226 940 Fidei
242 907 346 938 nostrae
363 907 395 937 &
408 905 523 936 Tuteiae
535 903 769 941 commissorum,
787 903 890 932 verum
911 901 994 930 etiam
1017 895 1202 928 universalem

144 948 279 978 omnium
303 944 532 975 Christianorum
556 942 661 973 Pacem
685 950 836 979 procurare
856 940 889 970 δε
911 937 1049 973 stabilire,
1066 945 1108 979 ⁹:ic
1132 943 1205 973 quo·

144 994 322 1022 rumcunque
343 983 525 1014 Insolentiarn
546 982 576 1011 in
599 981 773 1011 contrarium
795 977 983 1008 adnitentium
1000 982 1152 1015 reprimere
1168 973 1202 1004 &

144 1023 308 1061 refraenare,
324 1031 421 1060 operae
445 1022 568 1059 pretium
590 1019 645 1050 esse
659 1019 791 1050 duximus
803 1026 872 1046 cum
895 1014 1079 1045 Sanffiliimo
1095 1012 1206 1042 Domi-

145 1073 185 1093 no
209 1061 307 1092 nostro
332 1064 423 1090 Leone
445 1062 523 1097 Papa
543 1061 673 1096 Decimo,
696 1054 884 1087 Sacrosantstae
905 1051 1046 1095 Romanae
1069 1049 1205 1082 Ecclesiae

145 1105 252 1131 Summo
267 1099 408 1140 Pontifice,
426 1108 459 1128 ac
478 1096 660 1127 Serenil‘simo
683 1097 715 1126 &
739 1092 940 1125 Potenriffimo
962 1091 1096 1128 Principe
1117 1092 1207 1118 Fran-

149 1138 230 1178 cisio,
248 1138 307 1169 Dei
331 1137 439 1177 gratiTa,
460 1139 622 1165 Francorum
643 1137 710 1171 Rege
732 1132 955 1169 Conlanguinoo
977 1129 1076 1159 nostro
1089 1126 1207 1158 Cariffi-

150 1188 217 1215 nio,
236 1187 269 1206 ac
288 1186 354 1206 cum
371 1175 584 1213 quibuscunque
596 1173 655 1203 aliis
670 1172 798 1210 Regibus
813 1172 845 1201 &
868 1169 1048 1207 Principibus
1070 1166 1208 1197 Christia-

149 1217 210 1254 nis,
229 1215 415 1252 Civitatibus,
434 1213 646 1249 Potentatibus,
662 1209 944 1251 CommunitatibuS,
965 1206 1154 1243 Nationibus,
1171 1205 1205 1236 &

151 1254 298 1286 Dominiis
318 1253 337 1271 ’ἃ
358 1251 468 1282 firmam
487 1251 674 1287 Amicitiam,
700 1247 1005 1283 Conioederationem,
1033 1245 1155 1281 Ligairi,
1172 1243 1207 1274 &

149 1334 180 1362 ni
197 1333 226 1362 T
229 1330 442 1370 tanquillitatem
459 1330 547 1365 inire,
563 1327 689 1364 firimie,
710 1328 743 1357 ὃ(
758 1324 951 1361 concludere,
969 1332 1001 1353 ut
1019 1323 1134 1352 tandem
1149 1320 1210 1350 Re-

148 1371 259 1409 liquum
276 1369 351 1400 Vitae
363 1367 467 1398 nostrae
500 1367 576 1404 quod
594 1365 674 1395 Deus
690 1364 887 1401 Omnipotens
901 1362 1000 1392 Nobis
1015 1360 1145 1398 praestare
1167 1359 1210 1389 di-

151 1409 303 1446 gnabitur,
322 1407 447 1438 Servitio
469 1389 588 1435 Divinae
609 1403 780 1445 majestatis,
799 1400 857 1433 Cui
878 1400 989 1432 Servire
1004 1400 1139 1437 Regnare
1151 1397 1211 1435 est,

149 1447 315 1502 impendere
331 1444 482 1484 poffimus:

186 1487 432 1566 Dgsliindtetiitsste,
448 1520 602 1560 Industria,
615 1521 660 1566 ὃς
684 1520 806 1559 provida
820 1517 1103 1558 Circumspefflone,
1129 1515 1212 1547 Dile-

150 1563 264 1595 Ctorum
288 1564 322 1595 ὃς
347 1562 485 1592 Fidelium
512 1560 744 1591 Consiliariorum
772 1560 936 1590 nostrorum
951 1580 960 1596 ,
992 1557 1098 1588 Thomae
1130 1558 1214 1585 Ducis

149 1601 307 1641 Norffirlsiae
329 1600 434 1638 Magni
457 1599 633 1630 Thes-aurarii
655 1600 689 1629 &
713 1598 869 1629 Marelcalli
894 1597 1024 1634 Angliae,
1052 1594 1215 1626 Reverendi

1240 555 1393 586 nutenere,
1412 548 1539 579 &invio
1565 547 1658 577 biliter
1672 546 1836 586 observare,
1855 557 1889 578 ac
1903 556 1953 586 per
1974 546 2102 579 Parentes
2123 547 2231 579 nostras
2251 545 2303 576 Li-

1242 593 1312 615 teras
1326 586 1505 617 confirmare.

1258 662 1263 667 Α
1279 623 1313 654 In
1330 623 1410 667 cujus
1424 626 1463 655 rei
1478 624 1694 667 Testimonium
1708 623 1898 655 Praesentibus
1911 624 1971 663 his,
1991 623 2088 656 Manu
2103 624 2199 657 nostra
2213 625 2302 666 figna-

1244 670 1296 702 tis,
1313 663 1443 700 Sigillum
1459 664 1589 695 nostrum
1603 663 1734 694 duximus
1747 663 1961 703 apponendum.

1281 738 1349 784 Dat.
1370 739 1496 783 Loudon.
1515 740 1618 770 Primo
1635 739 1683 770 die
1701 739 1838 770 Octobris
1851 763 1861 780 ,
1888 740 1978 771 Anno
1996 740 2122 773 Domini
2147 741 2305 774 Miliesimo

1246 778 1488 818 Quingentelimo
1506 779 1622 810 decimo
1640 778 1779 818 octavo,
1795 779 1902 818 ,Regni
1926 781 1997 811 vero
2019 779 2107 811 nostri
2125 780 2254 814 decimo.

1275 855 1318 900 *In
1334 866 1455 900 quorum
1469 858 1604 887 omnium
1617 856 1650 888 ὃ(
1665 856 1837 891 singulorum
1854 853 2186 890 praemissorum-Fidem
2201 857 2307 890 &Te-

1247 895 1416 925 stimonium
1438 895 1505 925 Nos
1539 895 1673 925 Oratores
1690 893 1888 925 Comniissarii
1903 895 1936 925 &
1950 895 2148 928 Procuratores
2169 898 2306 929 antedicti

1248 933 1373 978 Domini
1388 933 1475 978 nostri
1491 918 1719 964 Christianiffimi
1734 935 1812 970 Regis
1825 935 2005 973 Francorum,
2029 934 2215 966 Praesentibus
2228 936 2309 968 Lite*-

1247 983 1302 1011 ris,
1321 971 1457 1003 Manibus
1472 971 1574 1002 nostris
1586 971 1760 1011 subieriptis,
1785 971 1879 1010 Sigilla
1897 971 1990 1002 nostra
2012 973 2195 1011 apposuimus.

1286 1052 1361 1097 Data
1383 1054 1414 1084 iri
1434 1053 1506 1083 Urbe
1532 1052 1656 1084 London.
1676 1052 1722 1083 die
1745 1050 1870 1083 secundo
1884 1051 2042 1091 octobris,
2071 1051 2162 1085 Anno
2186 1051 2310 1087 Domini

1251 1091 1409 1123 Millesirno
1428 1091 1671 1132 Quingentesimo
1684 1090 1804 1122 decimo
1819 1090 1937 1123 octavo.

1289 1168 1330 1201 G.
1351 1168 1599 1202 Gom-mm.

1287 1208 1547 1240 &remilinus
1567 1208 1805 1239 Episcopus
1824 1207 2054 1239 Pausiam

1290 1246 1323 1277 F.
1343 1256 1390 1277 Di:
1410 1247 1780 1278 RocHEcHOVAR'r.

1290 1285 1351 1315 Dr:
1372 1285 1652 1317 NEUFVILLE.

1326 1363 1381 1392 Sub
1400 1362 1585 1442 §1⁵:233ssss
1599 1365 1677 1394 Cerae
1699 1358 1788 1394 rubea
1816 1373 1835 1393 a
1856 1360 2000 1402 duplicibus
2024 1363 2124 1394 Caudis
2142 1365 2315 1404 Pergamenae

1447 1542 1607 1577 Articulus
1629 1540 1666 1574 de
1689 1539 1939 1589 Comprehenfione
1959 1544 2128 1576 Scotorum.

152 1635 241 1674 Pat‘ris
255 1641 360 1671 Thomae
377 1637 563 1678 Dunolmenfis
578 1639 697 1675 Epncopi
713 1636 850 1667 Custodis
865 1635 973 1666 Privati
993 1634 1086 1671 Sigilli
1106 1633 1214 1670 nostri,

153 1689 271 1712 necnon
286 1678 375 1709 Caroli
391 1681 503 1708 Comitis
519 1679 664 1714 Wigorniae
680 1675 803 1706 Domini
817 1675 854 1705 de
867 1674 990 1705 l-lerbert
1006 1674 1038 1704 δε
1054 1672 1090 1702 de
1106 1672 1216 1701 Gower

155 1718 312 1749 Camerarii
332 1716 439 1754 nostri,
466 1716 500 1746 &
521 1714 685 1746 Reverendi
705 1714 794 1746 Patris
813 1713 924 1743 Nicolai
946 1712 1065 1751 Episcopi
1084 1709 1217 1749 Elienfis,

151 1756 310 1796 plurimum
325 1754 516 1792 confidentes,

192 1795 269 1839 ipsos
290 1795 323 1826 &
346 1803 446 1825 eorum
460 1792 615 1832 quemlibet
635 1791 817 1830 conjunctim
833 1790 866 1822 &
879 1788 990 1821 divifim
1012 1787 1122 1819 nostros
1138 1797 1218 1819 veros

1258 1632 1312 1689 U
1324 1629 1532 1661 Nivi-:Rsis
1548 1636 1601 1659 ET
1617 1636 1747 1659 sinon
1760 1635 1842 1664 ωε,
1859 1626 1894 1657 ad
1909 1637 2032 1666 quorum
2047 1627 2177 1660 Notitias
2195 1627 2314 1667 praesen·
2331 1617 2410 1652 Ann-
2422 1616 2467 1651 D·

1334 1679 1374 1700 tes
1391 1669 1494 1699 Literae
1508 1668 1704 1706 pervenerint,
1722 1666 1792 1697 Nos
1805 1664 1968 1695 Guillermur
1982 1665 2104 1705 Gouffier
2118 1667 2268 1698 Dominus
2279 1667 2315 1698 de
2355 1669 2387 1698 15
2396 1659 2442 1690 18.

1259 1706 1421 1738 Bonniveto
1445 1707 1533 1737 Miles
1553 1706 1670 1736 Ordinis
1691 1715 1804 1735 necnon
1827 1704 2029 1736 Cambellanus
2044 1705 2208 1736 Ordinarius
2231 1706 2322 1737 Chri·
2337 1705 2389 1728 “¹²¹-
2422 1708 2468 1728 10⁵

1259 1746 1416 1776 stianillimi
1433 1746 1607 1776 francorum
1624 1744 1708 1781 Regis
1720 1753 1754 1774 ac
1770 1743 1950 1774 Admiraldus
1965 1744 2109 1782 Franciae,
2124 1744 2276 1782 Stephanus
2289 1746 2322 1775 de
2337 1743 2371 1766 H.
2386 1738 2414 1764 S·

1260 1785 1388 1814 Ponchzer
1408 1786 1547 1823 Episcopus
1577 1781 1734 1823 Parfienfis

153 1833 301 1871 legitimos
320 1833 354 1864 &
375 1831 545 1863 indubitatos
568 1831 720 1869 Oratores,
743 1829 964 1866 Procuratores,
982 1827 1219 1865 Ambassiatores,

154 1873 189 1903 &
205 1872 339 1903 Nuncios
352 1871 463 1902 nostros
466 1870 617 1939 generales
631 1870 664 1900 &
676 1869 808 1907 speciales
821 1869 855 1898 ad
871 1867 1044 1905 lnfraicripta
1064 1866 1218 1896 Ordinavi-

152 1921 236 1950 mus,
254 1911 401 1948 Fecimus,
417 1911 451 1941 &
486 1908 691 1947 *onstituimus,
717 1917 751 1938 ac
772 1917 821 1946 per
843 1905 1010 1944 Praescntes,
1028 1905 1220 1941 Ordinainus,

152 1949 286 1981 Facimus
295 1972 303 1988 ‚
318 1950 351 1979 &
367 1948 574 1979 Constituimus
582 1971 592 1987 ‚

192 1988 301 2019 Dantes
322 1988 355 2019 ὃς
380 1987 584 2019 Concedentes
608 1985 744 2024 Eisdem,
762 1984 796 2016 &
817 1994 919 2016 eorum
947 1982 1080 2021 cuilibet,
1099 1983 1221 2020 conjun-

154 2029 227 2060 &im
238 2051 248 2066 ,
266 2036 295 2058 ut
310 2026 472 2065 praefertur,
493 2026 526 2056 &
540 2025 669 2063 divisim,
686 2024 807 2055 Tenore
823 2022 1221 2060 Pi·aesentium,'Potestatem,

155 2068 348 2104 acuitatem,
376 2065 602 2102 Auctoritatem,
628 2073 660 2094 ac
687 2062 858 2093 Mandatum
881 2062 1010 2101 generale
1031 2062 1064 2091 &
1087 2060 1223 2102 speciale,

153 2117 208 2145 pro
229 2105 328 2136 Nobis
345 2105 379 2136 &
398 2103 532 2134 Nomine
551 2102 666 2140 nostro,
683 2112 716 2132 ac
735 2100 941 2132 Succefforum
960 2100 1222 2138 nostrorum,cum

153 2142 339 2177 Sanetiffimo
356 2142 492 2172 Domino
511 2141 610 2172 nostro
628 2143 717 2170 Leone
737 2143 814 2178 Papa
840 2143 968 2178 Decimo,
996 2140 1030 2170 &
1056 2148 1124 2169 cum
1151 2147 1223 2177 prae-

155 2184 236 2215 dicio
262 2181 451 2213 illustrissimo
469 2181 503 2211 &
520 2179 720 2210 Potentiffimo
746 2178 878 2214 Principe
897 2177 1052 2216 Francijc'o,
1080 2176 1139 2207 Dei
1179 2185 1223 2205 ra-

154 2224 210 2261 tifi,
235 2225 397 2251 Francorum
414 2222 486 2256 Rege
505 2217 660 2249 Carissimo
679 2218 711 2248 &
737 2215 935 2246 Dileetiffimo
962 2215 1057 2246 Fratre
1080 2215 1114 2245 &
1169 2223 1224 2243 on—

155 2262 309 2299 sanguineo
329 2258 447 2295 nostro,
467 2267 501 2288 ac
519 2267 588 2287 cum
605 2255 818 2296 quibuscunque
835 2254 893 2285 aliis
911 2253 1040 2293 Regibus
1059 2253 1091 2284 &
1109 2253 1223 2283 Princi-

155 2303 240 2339 pibus
266 2297 450 2334 Christianis,
475 2296 664 2332 Civitatibus,
688 2294 904 2331 Potentatibus,
939 2292 1221 2328 Communiratibus,

156 2338 351 2373 Nationibus,
369 2337 401 2367 &
422 2334 584 2371 Dominiis,
603 2335 648 2364 seu
666 2342 766 2363 eorum
785 2332 898 2372 aliquo,
922 2331 969 2361 vel
988 2340 1089 2362 eorum
1113 2329 1225 2360 Procu-

158 2379 314 2414 ratoribus,
331 2375 520 2411 Oratoribus,
539 2372 767 2413 Commissum,
786 2369 1058 2406 Ambassiatoribus,
1072 2368 1106 2398 ὃ(
1125 2367 1226 2406 Depu-

157 2419 218 2448 tatis
242 2413 454 2455 quibuscunque
472 2412 506 2442 ad
526 2412 583 2440 hoc
604 2409 789 2439 iufficientem
812 2408 983 2438 Potestatem
1004 2409 1038 2438 &
1063 2406 1227 2435 Auctorita-

159 2465 219 2487 tem
234 2453 418 2487 habentibus,
435 2450 471 2480 de
486 2450 519 2479 &
535 2449 614 2485 super
628 2446 798 2486 quacunque
818 2445 973 2482 Amicitia,
993 2443 1227 2474 Confoederatio-

160 2505 214 2531 ne,
238 2491 379 2528 Unione,
405 2487 544 2525 Foedere,
567 2488 601 2518 ὃς
621 2485 691 2524 Liga
705 2484 847 2516 defensiva
869 2483 1017 2521 Statuum,
1043 2481 1229 2520 Regnorum,

163 2531 393 2566 Dominiorum,
411 2527 563 2557 Terrarum
574 2548 583 2563 ,
605 2524 779 2561 Patri-arum,
793 2522 1034 2560 Territoriorum,
1053 2520 1229 2559 Civitaturn,

162 2573 196 2603 ὃς
211 2567 411 2607 Oppidorum,
435 2566 597 2603 ubicunque
610 2564 743 2594 locorum
761 2563 792 2592 in
806 2562 950 2599 praefentia
975 2570 1023 2598 per
1037 2559 1105 2590 Nos
1117 2560 1162 2590 vel
1178 2569 1228 2589 eo-

162 2619 228 2641 rum
249 2608 370 2646 aliquem
395 2604 596 2642 posteriorum,
622 2604 692 2632 inter
710 2603 787 2639 Nos,
812 2599 968 2637 Haeredes,
985 2599 1019 2630 ὃ(
1040 2598 1228 2629 Succeffores

162 2647 274 2679 nostros
284 2668 293 2683 ,
309 2643 456 2682 praefatum
470 2641 667 2680 Sanc'liffimum
682 2643 830 2670 Dominum
852 2637 968 2677 nostrum
983 2637 1016 2668 &
1039 2636 1228 2668 Cariffimurn

161 2685 418 2723 Consanguineum
432 2680 558 2711 nostrum
576 2682 742 2718 franciscum
756 2681 918 2708 Francorum
935 2679 1031 2713 Regem
1048 2676 1228 2716 praedictum,

163 2737 196 2758 ac
213 2733 345 2760 exteros,
364 2730 391 2751 ut
408 2720 568 2758 praefertur,
584 2719 678 2757 Reges
692 2720 726 2750 &
742 2716 889 2755 Principes
910 2714 1103 2753 Christianos,
1120 2713 1229 2745 Civita—

164 2774 223 2801 tes,
249 2762 430 2797 Potentatus,
448 2758 696 2794 Communitates,
715 2755 874 2794 Nationes,
893 2755 926 2784 &
949 2753 1106 2791 Dominia,
1124 2754 1157 2784 &
1178 2763 1228 2784 eo-

165 2813 231 2834 rum
250 2799 389 2831 thei-edes
404 2800 435 2828 δε
451 2796 631 2828 Successores
644 2804 729 2833 atque
745 2794 863 2833 Regna,
885 2792 1006 2831 Terras,
1023 2793 1127 2823 Patrias
1137 2815 1146 2830 ,
1163 2791 1230 2822 Do-

167 2842 275 2877 minia,
293 2839 325 2868 ἃ
342 2837 424 2867 Loca
438 2844 633 2874 quaecunque,
652 2844 685 2864 ac
701 2832 857 2869 Subditos,
876 2831 1018 2869 Vaffalos,
1036 2830 1230 2862 Confoedera-

167 2889 235 2917 tos,
261 2878 396 2911 Amicos,
419 2875 451 2905 ὃ(
469 2873 654 2903 Adhaerentes
672 2871 799 2913 nostros,
824 2871 857 2902 δε
872 2879 971 2900 eorum
995 2869 1176 2909 quoscunque
1196 2870 1230 2901 &

166 2915 435 2956 quomodocunque
455 2914 543 2942 etiam
565 2911 600 2941 ad
622 2910 827 2941 Desenlionem
852 2907 1054 2945 Personarum,
1085 2908 1232 2946 Statuum,

167 2957 363 2991 Regnorum,
377 2952 550 2987 Terrarum,
566 2949 738 2987 Patriarum,
758 2947 966 2979 Dominiorutn
982 2946 1162 2985 nostrorum,
1187 2948 1233 2977 vel

169 2996 314 3026 dictorum
336 2991 503 3027 Principum
525 2990 555 3018 in
577 2987 700 3018 Persona
718 2987 813 3017 nostra
829 2985 958 3025 propria,
976 2987 1010 3018 &
1033 2984 1164 3022 Expeniis
1179 2995 1233 3017 no-

170 3034 233 3064 stris
250 3030 384 3069 propriis,
408 3029 463 3058 iive
480 3027 719 3065 Requirentium,
743 3025 879 3062 ineunda,
905 3023 1079 3062 Tractandi,
1099 3023 1234 3055 Concor-

171 3071 276 3109 dandi,
296 3066 472 3104 l’aciiceiidi‚
491 3064 711 3102 Conveniendi,
738 3064 771 3095 ὃ(
788 3063 1008 3102 Concludendi,
1032 3062 1152 3101 Nosque
1176 3063 1236 3093 Re-

173 3121 249 3149 gna,
272 3109 397 3144 Terras,
424 3107 455 3136 ὅ(
474 3104 611 3134 Dominia
627 3102 720 3133 nostra
735 3112 929 3141 quaecunque,
955 3103 988 3132 ad
1007 3099 1231 3132 Conventorum

174 3152 208 3180 ὃς
222 3145 433 3179 Conclusoi-iim
448 3143 640 3173 inviolabilem
656 3141 871 3172 Obiervantiam
889 3140 1073 3177 Astringendi
1095 3141 1128 3171 &
1151 3140 1236 3170 Obli-

174 3187 273 3229 gandi:
294 3195 327 3216 ac
343 3184 422 3221 super
435 3181 598 3220 hujusmodi
622 3179 798 3218 Conventis,
819 3179 1026 3216 Concordatis,
1047 3180 1081 3209 &
1103 3179 1235 3209 Conclu-

174 3229 208 3259 sis
224 3234 293 3256 cum
315 3223 394 3254 dieto
413 3219 578 3259 Sari-cliffimo
602 3222 716 3249 Domino
732 3218 836 3258 nostro,
879 3217 975 3248 raefato
993 3221 1155 3247 Francorum
1169 3221 1238 3256 Rege

176 3262 404 3299 consanguineo
423 3258 540 3295 nostro,
559 3258 591 3288 &
606 3267 678 3288 cum
694 3257 835 3296 praedidtis
857 3228 1036 3293 Principibus
1055 3255 1234 3294 Christianis,

175 3301 368 3338 Civitatibus,
388 3297 672 3338 Comitium-itatibus,
690 3297 882 3332 Nationibus,
900 3296 933 3326 ὃς
948 3295 1110 3332 Dominus,
1129 3295 1173 3325 seu
1189 3305 1240 3325 eo-

179 3352 244 3372 rum
257 3338 425 3371 Oratoribus
440 3336 671 3375 quibulcunque,
683 3335 789 3365 Literas
802 3334 904 3365 validas
919 3334 951 3364 &
965 3333 1095 3364 efficaces
1110 3343 1161 3371 pro
1174 3333 1242 3364 Par-

180 3389 209 3410 te
223 3378 319 3408 nostr&
331 3375 493 3408 Tradendi:
513 3374 631 3411 aliasque
647 3373 801 3404 conliniilis
814 3371 936 3403 effeetus
950 3372 983 3402 δε
998 3373 1119 3411 vigoris,
1134 3374 1170 3403 ab
1191 3372 1239 3410 Ip-

183 3419 216 3449 sis
230 3416 363 3453 Petendi,
381 3416 414 3445 ὃς
430 3413 565 3452 Exigendi
584 3423 589 3441 ;
609 3412 779 3453 plenumque
823 3420 932 3442 raeterea
953 3410 1144 3450 Potestatem,
1159 3411 1241 3450 Jura-

186 3464 316 3486 mentum
333 3455 361 3483 in
374 3453 512 3484 Animam
527 3450 650 3481 nostram
667 3451 789 3492 Prcestan
812 3452 836 3488 i,
853 3449 932 3489 quod
953 3451 1113 3481 tenebimus
1136 3451 1170 3481 ὅ(
1192 3449 1242 3479 ad-

185 3493 368 3530 implebimus
385 3492 490 3521 realiter
505 3492 537 3523 &
553 3500 622 3521 cum
637 3489 744 3519 efleciu
760 3490 860 3519 omnia
875 3490 909 3520 &
924 3488 1029 3525 singula
1044 3499 1108 3526 quae
1120 3489 1150 3518 in
1164 3487 1244 3519 Prae-

186 3532 286 3568 dictis,
312 3533 344 3561 δε
365 3530 442 3559 circa
463 3540 492 3559 ea
516 3529 650 3559 Nomine
670 3527 768 3558 nostro
791 3527 1028 3566 concordabunt,
1053 3529 1224 3558 convenient

183 3571 334 3610 jurabunt,
352 3567 516 3605 firmabunt,
535 3569 569 3599 ὃ(
583 3567 776 3605 concludent,
794 3576 826 3597 ac
842 3566 920 3604 quod
943 3566 989 3596 illa
1009 3556 1244 3598 Ratificabimus’

189 3611 223 3641 ὃς
241 3608 320 3638 nullo
338 3615 459 3648 unquam
478 3615 605 3643 tempore
625 3607 842 3643 revocabimuS,
867 3614 921 3634 nec
939 3613 1036 3635 contra
1053 3615 1101 3642 ea,
1125 3605 1170 3635 vel
1187 3597 1247 3634 eo-²

189 3657 253 3678 rutn
274 3644 386 3683 aliquod
407 3648 556 3686 iaciemus,
572 3645 616 3675 vel
636 3655 736 3683 quOVis
752 3644 837 3682 pacto
857 3644 1018 3681 veniemus,
1035 3643 1177 3681 simileque
1188 3642 1243 3680 Ju—

190 3694 349 3716 ramcntum
374 3693 390 3712 a
416 3681 683 3723 (licio-Santiilfimo
709 3686 826 3713 Domino
843 3681 947 3721 nostro,
976 3680 1160 3712 illustrissimo
1178 3683 1246 3718 Rege

192 3729 373 3766 Francorum,
397 3721 729 3764 ceterisque—Regibus,
756 3722 790 3753 ὃς
810 3721 1008 3758 Principibus,
1035 3720 1248 3756 Potentatibus,

194 3762 382 3804 Civitatibus,
415 3756 693 3801 Coiiiniunitatibus,
728 3762 761 3792 &
787 3759 933 3790 Dominiis
958 3758 1081 3797 praestari
1106 3757 1249 3795 Videndi,

193 3800 330 3836 Petendi,
350 3800 382 3829 ὃς
399 3795 556 3834 Ε;<ις,ει]ἀι;

235 3838 278 3879 Ac
298 3836 459 3873 generaliter
471 3844 571 3877 omnia
584 3836 616 3865 ἃ
631 3835 734 3872 singula
749 3836 885 3867 Nomine
906 3836 1002 3866 nostro
1017 3835 1167 3873 Faciendi,
1186 3832 1250 3864 Ge-

197 3881 295 3911 renui,
315 3873 492 3917 ἢΕκςτςεῃὼ,
518 3873 550 3903 &
577 3873 736 3912 firmandi,
759 3876 949 3914 cujuscunque
968 3883 1073 3905 naturae
1092 3875 1125 3905 &
1140 3875 1248 3910 impor-

198 3923 283 3956 tantiz
309 3915 428 3948 tuerint,
447 3920 492 3941 aut
507 3912 562 3940 elle
578 3914 699 3946 poterint
714 3915 744 3942 in
760 3913 924 3951 Praediclis,
945 3915 979 3945 ὃς
1002 3915 1074 3943 circa
1099 3923 1131 3943 ea
1153 3910 1249 3942 neces-

196 3953 278 3996 μω,
298 3952 329 3979 ὃς
346 3959 520 3992 opportuna,
538 3950 569 3978 ὃ(
586 3959 649 3985 quae
664 3953 732 3981 tanti
750 3952 875 3989 Negotii
889 3952 1021 3991 qualitas,
1038 3961 1108 3982 cum
1126 3950 1248 3989 ejusdem

197 3988 428 4026 circumstantiis,
452 3986 692 4026 dependentibus,
715 3992 749 4022 ὃς
771 3991 900 4028 annexis,
918 3991 1026 4029 exigit,
1050 3998 1096 4022 aut
1116 3989 1248 4028 requirit,

1262 1823 1412 1854 Dominus
1429 1825 1465 1854 de
1482 1822 1714 1859 Campodenario

1261 1863 1391 1900 Rupellae
1415 1860 1615 1892 Cimbellanus
1635 1859 1758 1898 ejuldem
1778 1857 2004 1888 Christianiffimi
2019 1858 2195 1889 Francorum
2217 1858 2324 1898 Revis,

1262 1903 1293 1932 ὃ(
1311 1903 1442 1930 Νὶιοιακς
1457 1901 1490 1930 de
1508 1898 1656 1938 Neufville
1671 1900 1758 1929 etiarn
1781 1896 1871 1927 Miles
1884 1896 2032 1927 Dominus
2043 1897 2079 1927 de
2095 1896 2204 1928 Villero
2222 1908 2238 1928 e
2289 1910 2325 1930 u-

1262 1941 1424 1972 dientiarius
1440 1939 1566 1970 Franciae
1585 1936 1805 1968 ac=Secrerarius
1822 1935 2023 1978 Financiarum
2039 1935 2172 1975 praedieti
2186 1907 2324 1968 &hristia-

1262 1979 1368 2010 niffirni
1384 1977 1492 2016 Regis,
1510 1977 1665 2013 Oratores,
1683 1973 1899 2017 Commiffarii‚
1917 1972 2138 2021 Procuratores,
2156 1974 2326 2006 &Ambas-

1264 2019 1374 2049 fiatores
1388 2017 1510 2056 ejusdem
1527 2016 1562 2046 ad
1581 2014 1757 2053 infraicripta
1770 2011 1941 2044 sufficienter
1957 2012 2142 2051 &legittime
2157 2013 2327 2053 deputati&

1264 2057 1426 2092 constituti,
1447 2055 1583 2085 Salutem.

1300 2095 1469 2126 Noa-nivi
1488 2099 1672 2124 FACIMUS
1691 2091 1790 2130 quod,

1301 2133 1444 2173 Quamvis
1458 2133 1489 2175 iri
1503 2130 1628 2174 quodam
1646 2130 1779 2161 Articulo
1791 2128 1945 2160 Tractatfis
1959 2129 2041 2161 Pacis
2055 2129 2089 2162 &
2112 2129 2275 2170 Amic'tiae,
2291 2130 2330 2162 de

1265 2173 1344 2204 Data
1357 2171 1563 2206 Praesentium,
1582 2177 1657 2199 inter
1670 2168 1784 2198 dictum
1799 2166 1965 2199 Dominum
1989 2167 2119 2200 nostrum
2145 2169 2330 2201 Christianis-

1264 2212 1369 2242 fimum
1382 2213 1547 2239 Francorum
1560 2210 1674 2245 Regem,
1691 2206 1904 2237 sanctissimum
1918 2206 2085 2238 Dominum
2106 2207 2235 2237 nostrum
2257 2211 2331 2238 Leo*

1265 2261 1325 2281 nem
1340 2251 1443 2287 Papam
1457 2250 1613 2284 Decimum,
1632 2248 1827 2282 Imperatorem
1837 2267 1846 2282 ,
1864 2244 2099 2275 Potentiffimum
2115 2244 2228 2282 Angliae
2242 2247 2277 2277 &
2291 2245 2331 2276 Il-

1265 2288 1463 2319 lustrissirnum
1486 2282 1684 2322 Hispaniarum
1704 2286 1783 2319 Regis
1811 2283 1876 2312 initi
1901 2283 1935 2313 ὃ(
1956 2282 2082 2312 conclusi
2096 2304 2106 2320 ,
2136 2284 2332 2322 contineatur,-

1267 2324 1355 2366 de
1369 2324 1431 2354 Rex
1447 2322 1556 2353 Scotiae
1601 2331 1616 2350 o
1627 2319 1807 2359 comprehenso
1820 2323 1849 2349 in
1862 2320 1938 2350 diHa
1951 2323 2088 2350 Amicitia
2107 2330 2143 2350 ex
2160 2329 2243 2360 parte
2264 2322 2333 2353 dieze·

1267 2366 1381 2394 Domini
1395 2360 1478 2401 nostri
1493 2329 1707 2429 Chffamffimi
1720 2358 1896 2389 Francorum
1919 2357 2007 2398 Regis
2028 2358 2182 2399 habeatur,
2199 2369 2286 2398 prout
2301 2362 2332 2392 in

1266 2401 1370 2433 eodem
1385 2399 1519 2431 Ai'ticulo
1579 2398 1717 2428 Tractatu
1731 2396 1810 2427 latius
1822 2397 2000 2436 continetur,

1307 2439 1507 2470 Nihilominus
1520 2445 1616 2467 tamen
1629 2435 1699 2479 Nos
1715 2435 1864 2474 Oratores,
1882 2434 2094 2475 Commislarii,
2112 2436 2333 2478 Procuratores,·

1269 2482 1302 2512 δε
1320 2475 1540 2509 Ambaffiatores
1553 2474 1687 2518 antedicti
1703 2472 1827 2504 Domini
1850 2473 1938 2504 nostri
1963 2475 2195 2508 Christianiffimi
2214 2480 2333 2508 Franco-

1270 2529 1329 2549 rum
1341 2520 1438 2554 Regis,
1455 2524 1523 2546 cum
1537 2512 1706 2551 Magnificis
1721 2512 1755 2544 ὃς
1771 2512 1980 2550 spectabilibus
2004 2514 2140 2546 Dominis
2153 2514 2256 2545 wama
2272 2519 2335 2546 Du·

1269 2569 1296 2587 ce
1312 2553 1513 2594 Northsblchiae
1527 2552 1713 2583 Thesaurario
1727 2552 1761 2583 &
1777 2550 1946 2582 Marescallo
1962 2553 2090 2592 Angliae,
2105 2547 2210 2584 eroma*
2225 2555 2336 2594 Episto-

1264 2605 1300 2635 po
1317 2593 1489 2632 Dunolmenfi
1504 2591 1633 2623 Custode
1647 2590 1752 2621 Privati
1773 2589 1867 2627 Sigilli
1882 2590 1952 2621 dieti
1975 2590 2066 2631 Regis
2086 2591 2216 2632 Angliae,
2238 2593 2334 2624 Cat-olo

1270 2638 1371 2665 Comite
1396 2634 1544 2669 Wigorniae
1565 2629 1699 2660 Domino
1723 2628 1759 2659 de
1780 2628 1906 2659 Herbert
1929 2629 1962 2660 ὃ(
1981 2629 2016 2660 de
2038 2629 2151 2661 Gower
2165 2629 2336 2663 camerario

1271 2673 1393 2709 eiusdem
1422 2669 1537 2707 Angliae
1560 2668 1652 2706 Regis
1667 2691 1677 2706 ,
1710 2666 1824 2697 Nicolao
1845 2668 1970 2706 Episcopo
1993 2667 2116 2709 Elienfi,
2148 2669 2317 2702 Oratoribus

1273 2710 1505 2748 Commiffariis,
1524 2707 1826 2750 ProcuratoribuSQ&
1844 2706 2096 2739 Ambaffiatoribus
2116 2706 2187 2738 dieti
2207 2693 2338 2740 Illustris:

1271 2752 1331 2783 fimi
1346 2750 1457 2789 Angliae
1474 2748 1580 2785 Regis,
1600 2746 1637 2777 ab
1653 2756 1688 2776 eo
1699 2744 1872 2776 sufficienter
1887 2744 2027 2783 deputatis
2049 2746 2082 2777 &
2097 2745 2240 2782 legittime
2261 2756 2336 2778 con·-

1271 2790 1386 2827 stitutis,
1413 2787 1631 2824 Convenimus,
1655 2784 1920 2821 concordavimus,
1948 2784 1981 2813 ὅ(
1999 2782 2218 2822 Conclustmus,
2235 2794 2268 2816 ac
2283 2795 2335 2825 pet

1272 2828 1425 2860 praesentes
1437 2826 1656 2861 Convenimus,
1674 2822 1909 2859 Concordamus,
1927 2822 1961 2852 &
1977 2821 2203 2862 Concludimus,
2223 2822 2337 2854 Nomi.

1272 2879 1309 2899 ne
1330 2867 1400 2897 diffi
1425 2865 1547 2896 Domini
1571 2862 1658 2892 nostri
1675 2859 1901 2891 Christianissimi
1918 2862 2083 2889 Francorum
2105 2864 2199 2900 Regis,
2218 2862 2298 2899 quod
2313 2862 2335 2893 fi

1273 2906 1403 2944 praefatus
1425 2907 1484 2934 Rex
1506 2905 1599 2932 Scotiae
1621 2909 1667 2931 aut
1682 2899 1804 2938 ejusdem
1822 2898 1908 2937 Regis
1922 2898 2137 2930 Locumtenens
2151 2902 2201 2930 vel
2211 2900 2334 2932 Gardia-

1274 2956 1326 2976 nus
1347 2944 1491 2974 Marcliiae
1509 2942 1554 2971 vel
1569 2939 1766 2970 Marchiarum
1782 2946 1851 2967 curn
1885 2946 2039 2974 uocunque
2057 2937 2207 2976 Numero,
2225 2939 2271 2969 vel
2287 2940 2338 2970 ali-

1275 2984 1337 3023 quis
1351 2984 1418 3012 alius
1433 2980 1566 3011 Subditus
1581 2978 1625 3008 vel
1641 2978 1725 3016 aliqui
1739 2977 1783 3006 alii
1799 2974 1860 3006 Sub
1880 2975 1911 3005 iti
1926 2975 1996 3005 dicti
2017 2978 2095 3013 Regis
2115 2979 2228 3016 Scotiae,
2248 2976 2338 3009 Man.

1275 3023 1341 3053 dato
1357 3021 1402 3051 vel
1417 3017 1603 3050 Permiffione
1618 3015 1745 3055 praeditfti
1764 3014 1849 3053 Regis
1867 3013 2107 3045 Locumtenentis
2123 3015 2169 3045 vel
2185 3014 2337 3055 Gardiani‚

1277 3060 1358 3092 limili
1370 3059 1463 3091 modo
1478 3066 1546 3088 curn
1563 3064 1740 3095 quocunque
1759 3052 1898 3097 Numero
1921 3051 1986 3089 post
2003 3051 2180 3089 Vicefimum
2200 3055 2335 3094 quintum

1278 3099 1366 3130 Diem
1385 3097 1490 3128 Mensis
1506 3094 1678 3126 Decembris
1694 3094 1830 3130 proximo
1847 3091 1990 3128 futurum,

1316 3138 1418 3177 Qiem
1433 3135 1550 3175 quidem
1565 3133 1741 3164 Terminum
1760 3129 1867 3167 praefati
1880 3128 2017 3160 Oratores
2031 3128 2264 3162 Chriffianiffimi
2278 3131 2339 3164 Re-

1277 3179 1318 3216 gis
1332 3178 1434 3206 bibent
1448 3177 1480 3205 δε
1496 3174 1576 3212 super
1590 3170 1628 3202 Se
1639 3169 1844 3212 assumpserunt
1859 3167 1894 3198 ad
1911 3167 2058 3206 praefatum
2077 3171 2171 3207 Regem
2184 3172 2278 3200 Scotiae
2291 3172 2337 3202 vel

1277 3218 1333 3255 ejus
1347 3213 1508 3244 Consilium
1523 3213 1602 3249 {uper
1620 3207 1782 3248 hujusmodi
1797 3206 2064 3245 Comprehenfione
2078 3208 2124 3240 vel
2145 3207 2203 3246 ejus
2223 3208 2337 3241 Condi-

1279 3255 1403 3286 tionibus
1417 3250 1648 3287 certificandum,
1832 3285 1838 3291 .
1944 3284 1950 3290 ι

1315 3292 1465 3323 l-lostiliter
1490 3289 1535 3320 vel
1560 3287 1696 3318 violenter
1722 3285 1852 3318 invaserit
1877 3284 1922 3316 vel
1941 3284 2118 3323 invaserint,
2155 3294 2201 3317 aut
2226 3285 2338 3317 Excur-

1279 3332 1340 3363 sum
1360 3330 1458 3361 fecerit
1477 3328 1522 3358 vel
1539 3327 1655 3358 fecerint
1671 3326 1699 3356 in
1718 3325 1859 3361 Regnum
1877 3323 1988 3362 Angliae
2007 3346 2016 3361 ,
2054 3324 2088 3354 ὃ(
2106 3324 2185 3362 super
2203 3324 2340 3355 Subditos

1279 3370 1403 3408 ejusdem
1422 3367 1643 3402 Homicidium,
1662 3363 1848 3399 Incendium,
1874 3361 2126 3400 Depraedationes,
2152 3362 2200 3393 vel
2219 3361 2338 3392 Violen-

1281 3412 1339 3478 tials1
1357 3408 1456 3476 fexcebrit
1479 3406 1525 3436 vel
1550 3404 1688 3441 fecerint,
1711 3400 1875 3440 hujusmodi
1901 3399 2129 3439 Compreheufio
2145 3409 2182 3430 eo
2206 3399 2267 3438 ipso
2282 3409 2338 3439 pro

1280 3458 1320 3479 nu
1341 3458 1356 3477 a
1395 3457 1408 3476 a
1432 3453 1522 3476 eatur:
2285 3447 2290 3453 -

1322 3490 1336 3503 ‘
1359 3484 1413 3516 Vel
1427 3485 1447 3515 fi
1466 3482 1562 3521 aliquis
1585 3480 1717 3511 Subditus
1731 3479 1777 3510 vel
1791 3479 1907 3510 Subditi
1927 3478 2057 3517 praediffi
2071 3480 2149 3515 Regis
2170 3478 2266 3508 Scotiae
2280 3477 2340 3511 fine

1286 3523 1428 3555 Mandato
1443 3522 1489 3555 vel
1504 3520 1690 3553 Permillione
1704 3519 1818 3557 ejusdem
1830 3522 1906 3556 Regis
1928 3517 2021 3556 ejusve
2043 3517 2276 3547 Locumtenentis
2291 3518 2338 3549 vel

1284 3563 1437 3601 Gardiani,
1459 3571 1526 3592 cum
1553 3559 1691 3590 Numero
1711 3558 1922 3588 Trecentarum
1949 3554 2149 3593 Personarum,
2173 3555 2220 3585 vel
2241 3554 2338 3595 supra,

1285 3601 1421 3632 hostiliter
1436 3601 1469 3631 &
1483 3598 1621 3630 violenter
1636 3596 1764 3627 invaserit
1777 3596 1822 3627 vel
1835 3594 2003 3630 invaserint,
2019 3600 2066 3622 aut
2086 3591 2242 3624 Excursum
2261 3594 2339 3625 fece.

1286 3642 1322 3672 rit
1343 3639 1387 3670 vel
1408 3639 1525 3670 fecerint
1544 3638 1573 3666 in
1595 3636 1732 3674 Regnum
1755 3635 1884 3674 Angliae,
1909 3633 1944 3662 &
1963 3631 2042 3674 super
2063 3629 2196 3661 Subditus
2217 3632 2341 3670 ejusdem

1286 3678 1510 3715 Homicidium,
1529 3675 1713 3712 Incendium,
1732 3673 1869 3713 Furtum,
1887 3670 1930 3700 vel
1953 3669 2096 3706 Rapinam
2118 3668 2218 3699 fecerit
2233 3670 2279 3701 vel
2299 3671 2346 3703 fe.

1288 3718 1394 3747 cerint:
1416 3715 1451 3746 Et
1466 3714 1594 3754 praefatus
1609 3716 1669 3743 Rex
1680 3715 1775 3746 Scotiae
1790 3712 1881 3749 ejulve
1893 3708 2107 3750 Locumtenens
2123 3706 2167 3737 vel
2185 3707 2345 3741 Cardianus

1291 3755 1434 3787 Marchiae
1450 3754 1495 3784 vel
1511 3753 1705 3786 Marchiarum
1722 3760 1834 3786 earum,
1853 3748 1901 3785 qui
1916 3744 2077 3789 hujusmodi
2099 3743 2278 3778 Invasionem
2298 3749 2345 3781 vel

1291 3793 1449 3824 Excursum
1463 3793 1599 3829 fecerint,
1618 3791 1697 3827 super
1721 3789 1778 3819 hoc
1800 3797 1850 3825 pei·
1867 3784 2046 3828 Gardianurn
2065 3782 2110 3826 vel
2132 3783 2347 3818 Locumtenen-

1291 3841 1350 3862 tem
1376 3831 1515 3861 Marchiae
1540 3829 1584 3859 vel
1608 3827 1803 3858 Marchiarum
1826 3824 1872 3855 Re
1913 3833 1921 3852 i
1941 3821 2075 3857 Angiiae,
2101 3822 2170 3852 mfra
2193 3834 2277 3862 quam
2299 3827 2346 3857 vel

1291 3880 1357 3908 quas
1372 3869 1443 3899 faeta
1458 3868 1497 3898 est
1512 3867 1672 3905 hujusmodi
1692 3864 1801 3895 invasio
1816 3862 1860 3893 vel
1905 3859 2199 3903 xcursus,admonitus
2211 3863 2257 3894 vel
2270 3863 2347 3894 sum-

1292 3909 1418 3939 monitus
1434 3908 1504 3937 infra
1518 3905 1714 3943 Qiadraginta
1730 3902 1800 3932 Dies
1815 3909 1921 3942 extunc
1933 3906 2066 3937 proxime
2086 3898 2227 3938 sequentes
2244 3902 2348 3933 Ablata

1291 3957 1350 3977 non
1375 3945 1542 3982 restituerit,
1568 3943 1682 3972 Damna
1703 3951 1764 3971 nori
1786 3938 1952 3981 resarcierit,
1976 3937 2009 3967 &
2028 3935 2169 3974 Justitiam
2188 3939 2347 3970 secundum

1292 3985 1475 4024 Exigentiaui
1491 3985 1524 4017 ὃς
1541 3982 1646 4016 Merita
1657 3979 1777 4017 Causae,
1794 3987 1827 4012 ac
1840 3984 1917 4015 Juxta
1932 3975 1966 4007 δι’
1985 3974 2142 4008 secundum
2163 3975 2268 4010 Rituin
2285 3977 2346 4009 Le-

2301 4024 2355 4054 ges

1781 1779 1936 1823 Frfcncifius
1966 1783 1998 1811 de
2019 1785 2211 1821 Rupecavards·
2232 1783 2320 1815 Miles
2338 1781 2377 1803 Ex
2392 1779 2451 1804 ΑΨ

1737 1804 1909 1851 ἐεῐιείεειηυε
1923 1820 2069 1850 Tholozae
2089 1821 2122 1851 &
2137 1820 2322 1852 Gubernator
2335 1823 2402 1853 ngr·

2372 3485 2392 3506 ¹⁸⁹
2403 3487 2494 3520 xm.

2377 3526 2445 3565 632.
