2542 4274
811 188 924 232 ET
1007 192 1277 235 ACTA

117 272 196 307 Ann.
207 275 248 307 D.
266 277 301 309 ad
316 286 347 309 ea
361 277 529 316 perficIenda
546 275 582 306 de
592 276 631 307 sni
647 283 743 306 natura
760 275 931 308 Mandatum
945 279 1100 318 exigeretur
1115 281 1203 318 magis
1218 279 1322 321 specia-

139 318 224 353 1554·

115 362 131 379 2
149 357 221 381 Mar.

111 394 170 428 Reg.

102 1615 123 1639 ἢ
142 1620 209 1648 XV.

104 1666 169 1697 399·

264 317 289 348 le
308 329 313 334 ·

298 341 499 386 Promittentes
525 354 601 384 bona
627 352 696 383 Fide
722 354 754 384 &
773 354 801 383 in
818 353 917 384 Verbo
936 354 1075 392 Imperiali
1093 365 1125 386 ac
1143 356 1238 396 Regio
1252 381 1262 395 ,
1290 356 1319 387 id

260 401 354 424 totum
380 394 414 423 &
439 393 576 429 quicquid
595 392 664 422 dicti
684 390 770 421 nostri
787 392 984 422 Commiffarii
1002 395 1138 425 Oratores
1157 398 1190 426 δε
1210 395 1320 425 Procu-

260 439 365 462 ratores
392 431 420 460 in
441 429 592 460 Praemiffis
611 432 644 462 &
663 432 738 461 circa
754 441 784 460 ea
799 431 926 461 duxerint
944 432 1105 463 faciendum
1119 457 1128 469 ,
1156 442 1209 463 nos
1228 441 1318 463 ratum

258 476 367 508 gratum
384 469 418 499 &
433 468 549 499 firmum
566 470 708 500 habituros
718 491 728 506 ‚
742 478 801 506 atq3
816 470 860 499 illa
871 492 880 505 ,
891 471 1019 506 quatinus
1033 481 1104 508 opus
1118 471 1166 509 sit,
1183 481 1217 502 ex
1230 473 1319 502 abun-

257 508 335 538 danti
349 506 546 546 ratificaturos,
564 509 597 538 &
614 517 662 547 per
675 507 783 537 dic'tum
806 507 1024 539 Illustriffimum
1045 512 1190 548 Principem
1212 509 1316 540 Filium

258 545 388 576 nostrum
402 546 528 577 ratificari
543 555 702 583 curaturos,
721 555 774 575 nec
791 554 888 576 contra
912 557 943 577 ea
965 547 1025 578 ullo
1044 558 1167 587 unquam
1189 555 1317 585 tempore

258 583 384 614 facturos
402 584 447 615 vel
466 586 568 624 quovis
586 585 677 615 Paeto
700 592 850 623 venturOS,
867 584 913 615 sed
933 586 1130 617 inviolabiliter
1142 596 1173 616 ea
1187 587 1317 617 observa·-

258 629 346 653 turos.

295 697 329 729 In
351 699 431 736 cuius
453 701 493 730 rei
512 697 725 730 Testimonium
749 700 782 730 ὃς
807 700 907 731 Fidem
931 700 1084 731 Praesentes
1111 711 1196 732 manu
1220 700 1316 732 nostri

257 737 481 777 subscripsimus,
499 738 617 776 Sigilliq3
632 738 722 769 nostri
733 737 863 776 juffimus
877 739 1046 778 appenfione
1059 741 1243 770 communiri.

290 814 404 851 ⁴Datum
419 812 558 851 Bruffi‘llae
572 813 618 844 die
632 814 765 854 vigesima
779 814 871 854 prima
886 815 1076 854 Decembris,
1093 816 1181 846 Anno
1194 825 1210 846 a
1229 814 1317 846 Nati-

255 853 342 884 'vitate
365 853 490 883 Domini
515 852 663 883 millesimo
693 854 919 893 quingentefimo
947 855 1178 893 quinquagesimo
1208 855 1292 884 tertio
1307 876 1318 891 ‚

255 891 373 959 Impegi:
388 890 478 920 nostri
492 891 636 921 tricesimo
649 901 767 931 quarto,
786 893 819 924 &
834 891 1007 931 Regnorum
1027 894 1191 924 nostrorum
1215 893 1319 924 tricesi-

255 935 309 960 mo
322 940 342 960 o
374 938 439 960 avo.

259 1039 260 1042 Ἰ
289 1003 327 1035 In
339 1014 464 1044 quorum
478 1006 613 1036 omniurn
628 1006 728 1037 Fidem
751 1006 784 1038 &
807 1006 1022 1037 Testimonium
1045 1017 1097 1038 nos
1119 1007 1319 1038 Procuratores

253 1044 289 1075 ¹&
303 1042 499 1074 Commiffarii
518 1044 705 1076 Serenisiimae
721 1045 861 1076 Dominae
878 1049 986 1083 Reginae
1002 1047 1151 1077 antedidtae
1173 1045 1319 1084 praesentes

252 1081 361 1113 Literas
377 1083 507 1113 manibus
520 1083 621 1113 nostris
635 1084 858 1122 subscripfimus,
874 1086 907 1116 &
922 1084 1083 1123 Sigillorum
1095 1084 1256 1115 nostrorum
1272 1094 1320 1122 ap-

251 1120 387 1160 penfione
400 1123 576 1153 communiri
587 1122 715 1153 fecimus.

291 1196 403 1234 Datum
426 1196 533 1237 Wstm.
557 1199 605 1228 xii.
627 1197 674 1228 die
697 1197 806 1229 Menfis
823 1198 960 1237 januarii,
981 1197 1067 1229 Anno
1082 1198 1205 1229 Domini
1220 1199 1320 1229 secun-

252 1234 325 1266 ·dum
340 1235 603 1273 Computationem
619 1236 757 1268 Ecclefiae
772 1237 937 1277 Anglicanae
955 1237 1106 1269 millelimo
1131 1236 1319 1276 quingentesi-

252 1282 307 1305 mo
320 1275 556 1316 quinquagesimo
573 1276 668 1305 tertio.

290 1349 373 1382 Hinc
389 1360 444 1382 nos
459 1376 469 1390 ‚
495 1352 594 1382 omnia
609 1353 642 1384 ·&
657 1351 764 1390 singula
780 1351 943 1390 hujusmodi
961 1361 1101 1383 conventa
1118 1354 1151 1384 &
1169 1352 1320 1391 conclusa,

252 1394 309 1420 rata
327 1391 361 1421 δε
379 1400 454 1429 grata
473 1390 622 1427 habentes,
642 1392 676 1422 δῖ
696 1391 876 1428 praesentibus·
893 1401 926 1421 ac
943 1393 1102 1428 petentibus
1115 1392 1254 1428 generosis
1268 1390 1320 1421 Vi-

251 1429 289 1458 ris
306 1427 421 1465 Joanne
439 1431 557 1458 Domino
574 1427 662 1468 Roffi’l
679 1433 781 1458 Comite
800 1429 832 1458 de
850 1428 967 1468 Bedfort
987 1428 1116 1460 Custode
1143 1430 1249 1460 Privati
1273 1430 1320 1460 Si-

250 1466 309 1505 gilli
330 1467 429 1498 Milite
444 1467 562 1499 Ordinis
581 1467 721 1505 Garterii,
740 1469 773 1499 ὃς
789 1467 891 1497 Thomu
907 1467 1055 1506 Radechff
1060 1472 1086 1497 V
1088 1471 1217 1498 icecomite
1239 1471 1320 1498 Fitz-

250 1509 354 1535 &auter
374 1506 573 1544 Primogenito
592 1509 702 1535 comitis
718 1510 754 1536 Su
776 1509 860 1544 exite,
880 1507 1002 1544 praefatae
1019 1506 1203 1537 Sereniffimae
1224 1509 1319 1537 Domi-

250 1550 296 1574 nae
321 1546 426 1573 Mariae
451 1544 565 1582 Angliae
590 1547 714 1574 Franciae
793 1544 933 1575 Hiberniae
955 1547 1061 1582 Reginae
1088 1544 1258 1575 Oratoribus
1284 1546 1319 1576 ad

252 1580 323 1612 Nos
341 1580 498 1620 destinatis,
516 1582 614 1612 eadem
625 1605 635 1620 ,
663 1592 717 1619 pro
732 1583 831 1613 Nobis
849 1584 883 1614 &
902 1583 1112 1614 Succefforibus
1130 1582 1248 1621 nostris,
1271 1593 1320 1622 ap-

251 1618 439 1658 probavimus
457 1620 630 1651 laudavimus
652 1621 686 1652 &
704 1622 723 1640 ²¹²
743 1621 959 1658 ratificavimus,
977 1623 1164 1658 approbamus
1177 1622 1321 1653 laudamus

253 1657 289 1696 ὃς
307 1657 477 1690 ratificamus
493 1669 543 1697 per
560 1659 714 1690 Praesentes
728 1681 738 1696 ‚
766 1661 799 1691 &
818 1661 849 1689 in
867 1658 967 1689 Verbo
986 1658 1125 1696 Principis
1138 1660 1320 1696 promifimus

253 1695 289 1728 &
313 1698 527 1735 promittimus,
553 1696 712 1735 praestit6q3
737 1696 854 1726 solemni
879 1695 1047 1735 juramento
1065 1697 1268 1729 affirmavimus
1285 1700 1318 1730 &

250 1733 429 1767 affirmamus
447 1735 531 1773 quod
550 1735 648 1765 omnia
664 1734 693 1764 su
716 1743 744 1764 ra
761 1733 858 1772 scripta
875 1755 885 1772 ,
910 1743 959 1772 per
978 1734 1198 1766 commissarios
1216 1736 1321 1767 Orato-

251 1782 295 1803 res
312 1773 347 1804 δε
366 1773 568 1804 Procuratores
583 1771 655 1803 dieti
724 1772 875 1803 lendisfimi
891 1773 1037 1804 Genitoris
1062 1775 1152 1805 nostri
1178 1784 1320 1806 conventa

251 1812 288 1843 &
305 1811 440 1843 conclusa
456 1835 466 1850 ‚
494 1811 573 1842 bona
591 1810 661 1841 Fide
677 1811 888 1842 observabimus
905 1812 940 1843 δε
958 1811 1173 1850 adimplebimus
1188 1836 1198 1851 ,
1225 1815 1322 1845 obser-

252 1850 314 1881 vari
331 1851 366 1882 δὲ
379 1849 528 1888 adimpleri
546 1848 727 1887 curabimus,
746 1850 877 1888 omnesq3
893 1851 926 1880 &
945 1849 983 1880 fin
1005 1851 1060 1881 ulas
1073 1851 1237 1883 Securitates
1249 1863 1322 1890 prae-

255 1888 391 1919 stabimus
415 1898 481 1927 quae
507 1887 545 1918 de
564 1888 626 1925 jure
651 1887 696 1918 vel
714 1887 919 1919 consuetudine
936 1889 965 1919 in
994 1890 1119 1920 imilibus
1138 1890 1322 1922 Tractatitius

253 1936 310 1963 pro
326 1927 440 1957 illorum
457 1925 577 1957 firmiori
594 1925 763 1957 subfistentia
778 1926 902 1964 praestari
918 1926 1023 1958 debent
1041 1928 1086 1959 [eu
1103 1928 1320 1969 consueverunt,

252 1964 366 2004 justave
382 1965 473 2003 aliqua
490 1965 601 1996 ratione
616 1970 670 2002 pro
686 1972 781 2000 natura
799 1964 856 1995 Rei
872 1965 1018 2003 promiffae
1035 1977 1051 1997 a
1068 1967 1167 1997 Nobis
1184 1969 1226 1997 exi
1249 1969 1256 1997 i
1273 1978 1321 2000 aut

255 2004 358 2042 requiri
373 2026 383 2042 ‚
405 2005 592 2035 renuntiantes
609 2002 746 2039 omnibus
757 2001 833 2042 Juris
853 2003 964 2042 Legum
981 2004 1025 2035 vel
1043 2005 1220 2037 Statutorum
1263 2016 1323 2047 rag-

257 2042 457 2081 rnaticatumq3
469 2041 708 2080 Dispofitionibus
722 2051 768 2072 aut
784 2038 929 2074 Beneficiis
944 2042 1131 2082 quibuscunq;
1154 2046 1183 2074 in
1206 2055 1322 2076 contra-

256 2082 331 2112 rium
348 2104 357 2118 ,
381 2081 444 2118 eisq*
471 2080 610 2119 quanttim
633 2089 734 2111 contra
755 2081 889 2118 praedieta
909 2081 1013 2112 faciant
1037 2091 1072 2112 ex
1093 2084 1173 2121 plena
1198 2083 1322 2115 Scientia

256 2121 407 2158 proprioq3
429 2105 519 2150 Motu
541 2119 575 2150 &
599 2127 632 2149 ex
654 2119 825 2156 plenitudine
842 2119 990 2150 Potestatis
1004 2119 1104 2151 Nobis
1119 2123 1324 2162 competentis,

257 2167 306 2190 aut
326 2159 593 2196 quomodocunque
617 2158 832 2196 competiturae‚
851 2168 964 2189 exnunc
985 2168 1069 2198 prout
1091 2169 1225 2199 exnunc,
1240 2162 1324 2192 dero-

258 2198 392 2235 gavimus
416 2207 450 2227 ac
472 2197 656 2235 derogamus,
674 2196 846 2235 statuimusq;
869 2199 968 2228 omnia
987 2198 1020 2228 &
1043 2198 1147 2238 fingula
1168 2199 1271 2230 debere
1293 2202 1323 2230 in

257 2235 394 2265 omnibus
411 2235 464 2266 suis
478 2234 594 2265 Pune‘tis
606 2235 640 2264 &
655 2234 788 2266 Articulis
803 2234 883 2266 firma
898 2242 1027 2274 manere,
1045 2246 1220 2276 perpetuaeq,
1234 2248 1268 2270 ac
1281 2238 1325 2270 in-

260 2273 401 2306 violabilis
416 2273 501 2313 Legis
514 2274 574 2305 vim
586 2273 727 2303 obtinere.

296 2348 331 2380 In
346 2341 471 2388 quorum
483 2349 698 2381 Testimonium
711 2351 858 2388 praesentes
877 2351 1001 2392 Literas,
1019 2352 1114 2385 Manu
1128 2353 1224 2385 nostra
1238 2353 1327 2394 signa-

262 2395 321 2428 tas,
336 2389 435 2429 Sigillo
447 2388 546 2419 nostro
557 2389 666 2419 'muniti
676 2388 815 2428 juffimus.

304 2460 418 2496 Datum
440 2465 469 2495 in
490 2463 613 2496 cavitate
631 2467 728 2496 Sana?
741 2459 843 2505 Jacobi
854 2467 887 2497 ad
903 2466 1149 2507 Compostellam,
1167 2468 1213 2500 die
1229 2469 1330 2509 vigefi-

262 2503 312 2536 ma
334 2503 432 2542 quinta
456 2503 564 2534 Mensis
584 2503 682 2542 Junii,
701 2504 791 2534 Anno
811 2516 827 2535 a
850 2506 1011 2537 Nativitate
1033 2507 1157 2538 Domini
1179 2507 1329 2540 millesimo

262 2542 496 2582 quingentesimo
514 2542 748 2581 quinquagesimo
762 2551 873 2582 quart0.

532 2617 718 2650 Praesentibus
730 2619 835 2651 ibidem
851 2631 904 2661 pro
918 2620 1070 2660 Testibus,

306 2686 496 2725 illustrissimis
509 2703 542 2724 ac
561 2692 714 2726 Generofis
728 2690 818 2735 Viris,

307 2736 371 2763 Dan
384 2732 556 2762 Ferdinando
572 2732 706 2763 Alvarez
722 2746 741 2763 a
756 2736 842 2765 Tolito
855 2737 930 2766 Duce
944 2736 1029 2767 Albae
1052 2736 1222 2768 Marchionae
1245 2739 1334 2769 curiae

272 2767 412 2802 Caesareae
432 2770 586 2809 Majestatis
607 2770 739 2804 Praetorii
759 2773 904 2805 Praefecto
917 2799 926 2812 ,
952 2774 1155 2815 Conliliarioq3
1182 2776 1277 2808 Statfis
1301 2779 1335 2810 δε

275 2810 434 2847 Capitaneo
447 2809 583 2840 Generali
591 2830 601 2847 ,

310 2851 367 2879 Rui
378 2849 480 2878 Gomez
495 2847 526 2877 de
539 2847 626 2887 Sylva
640 2842 739 2879 Primo
755 2848 940 2880 Cubiculario
953 2849 1067 2889 nostro,

312 2890 379 2924 Don
396 2889 520 2916 Antonio·
532 2897 549 2915 a
567 2886 657 2916 Toleto
670 2888 800 2919 Primarii
818 2887 926 2926 Equitis
940 2889 1028 2919 nostri
1043 2890 1200 2931 Prszzfedio3

315 2928 379 2955 Don
395 2924 509 2963 Joanne
523 2936 541 2953 a
555 2925 724 2965 Benavides‚
743 2929 777 2958 &
794 2930 858 2958 Dan
872 2927 986 2966 Joanne
999 2928 1031 2958 de
1050 2932 1193 2968 Acugm'a,
1211 2939 1245 2960 ex
1267 2924 1339 2961 No-

275 2964 379 2995 bilibus
400 2962 535 2994 Camerae
551 2962 674 3003 nostrae,

311 3001 367 3039 Et,

279 3076 304 3109 st
315 3039 502 3108 Isicentkatost
512 3040 650 3080 Francifto
669 3039 703 3071 de
725 3040 875 3072 Menthaca
895 3037 1065 3074 Confiliario
1090 3043 1225 3075 Caenreae
1244 3044 1339 3083 Maje-

305 3085 403 3110 ansae
456 3088 475 3108 0
497 3087 546 3109 ro.

926 3152 1178 3190 PHILIPPU&

317 3227 360 3261 Et
406 3231 434 3260 ia
448 3241 492 3268 ego
507 3230 595 3269 Joans
607 3230 705 3270 Vargfi
720 3227 752 3263 d'e
764 3226 891 3264 Maliana
904 3237 993 3265 Satrae
1007 3236 1134 3274 Caessareae
1147 3248 1179 3266 ac
1196 3228 1339 3267 Catholicae

281 3242 439 3309 MajeZZtis
454 3269 622 3309 Confiliarius
638 3269 677 3306 ό·
689 3274 868 3309 Secretarius,
886 3284 917 3302 ac
942 3273 1065 3303 Publicus
1085 3276 1263 3305 Austoritate
1286 3279 1340 3306 Re-

275 3308 325 3345 gia*
339 3310 488 3344 NotarIus‚
507 3307 549 3337 hir
561 3309 678 3338 omnibus
689 3309 818 3347 interfui,
832 3311 888 3340 ideo
903 3311 949 3340 hoc
963 3311 1163 3351 Ratificationis
1176 3314 1339 3354 Instrumen->

281 3354 338 3377 tum
351 3344 447 3385 confeci
453 3346 567 3386 fignavi
585 3345 623 3381 (γ’
629 3345 767 3387 fiaebfiripfi
779 3352 808 3379 in
826 3349 915 3379 Fidem
929 3350 1130 3390 Praermfforum.

347 3423 489 3492 Joagrsn
500 3432 513 3453 s
529 3422 558 3454 V
569 3431 624 3455 AR
634 3432 686 3454 os.
701 3432 724 3455 n
735 3433 753 3456 E
769 3423 863 3455 Mon
876 3433 918 3456 IN
930 3435 950 3456 A
966 3425 1135 3458 Secretarius
1148 3436 1182 3459 ae
1201 3428 1340 3461 Notarius

383 3471 416 3500 pr
454 3470 512 3491 ens.

277 3537 466 3599 PHilsppus,
484 3535 542 3581 Dei
565 3532 683 3584 Gratia,
702 3537 838 3578 Princeps
857 3540 1050 3586 Hispaniarum
1071 3541 1109 3588 &f
1124 3542 1258 3588 urriuspue
1273 3541 1338 3574 Sici-

345 3577 389 3607 lrae
411 3575 554 3607 Archidux
570 3575 710 3616 Austrtae,
727 3576 796 3607 Dux
812 3579 974 3616 Burgundtae
988 3580 1191 3620 Lodmrmgyae,
1208 3583 1338 3612 Braban-

275 3619 340 3654 tiae,
358 3615 419 3652 &c.
435 3615 469 3645 ad
485 3623 646 3652 perpetuam
660 3616 700 3645 rei
713 3618 893 3647 memoriam.

313 3653 559 3694 Recognoscimus
639 3661 742 3684 notum
763 3653 884 3685 facimus
905 3655 1058 3695 univerfis,
1076 3656 1158 3695 quod
1179 3659 1272 3697 quum
1294 3660 1339 3691 in-·

273 3699 477 3798 ssfffverierosos
498 3724 624 3761 Nobiles
647 3729 681 3761 sc
702 3729 876 3768 spectabiles
897 3729 1134 3770 consanguineos
1157 3733 1286 3775 nostros,
1304 3736 1338 3768 &

304 3769 691 3839 ιὸιὲιεῃὲιιιξξὲῗξᾶωοηὶυω
706 3809 832 3837 Comitem
848 3807 991 3846 Egmondae
1005 3807 1043 3843 ᾤ’
1059 3810 1205 3848 Principem
1218 3814 1338 3852 Gauriae,

276 3842 480 3914 &bominum
504 3883 627 3914 Carolum
646 3886 773 3913 Comitem
793 3884 825 3913 de
846 3882 966 3921 Lalaing
990 3882 1133 3915 Baronum
1164 3886 1338 3927 Schornaci,

275 3920 337 3950 &c.
356 3920 615 3954 Locumrenentem
630 3921 817 3960 Capitaneum
832 3921 1005 3954 Generalem
1017 3924 1050 3955 ὅτ.
1063 3922 1236 3962 Supremum
1257 3925 1337 3958 Baili-

275 3967 349 3989 vum
365 3956 527 3990 Comitatas
542 3960 705 3992 Hannoniae
715 3985 725 3999 ‚

314 3996 434 4035 Equitus
445 3996 562 4027 Ordinis
576 3999 661 4030 Aurei
677 3999 793 4031 Velleris
803 4024 813 4037 ‚

312 4034 450 4072 Joannem
472 4035 504 4064 de
528 4038 727 4067 Montmoranci
749 4038 882 4079 Equitem
909 4037 1074 4071 Dominum
1104 4037 1141 4070 de
1171 4038 1339 4077 courrieres

278 4068 416 4106 Bailivum
432 4072 598 4106 Comitatfis
615 4074 786 4116 Alostenfis,
1167 4092 1169 4094 ·

1361 187 1843 238 PUBLICA.
2367 210 2416 252 ἕρ

1400 277 1547 316 Philippum
1560 280 1675 317 Nigrum
1689 279 1873 318 Praepofitum
1887 281 2140 316 Harlebeccentem
2154 294 2188 316 ac
2207 283 2414 319 cancellarium
2433 286 2507 321 Ann.
2519 283 2542 319 Ε

1360 314 1427 345 dieti
1444 316 1561 346 Ordinis
1574 317 1688 348 Velleris
1701 318 1804 357 Aurei,

1397 358 1485 383 Simon
1498 356 1609 385 Renard
1619 356 1879 387 Locumtenentem
1891 357 2038 390 Bailivatiis
2053 360 2193 392 d'Amont
2201 385 2210 400 ‚
2431 340 2540 398 ἰχῗιιςΐν.

1396 392 1614 424 Commiffarios
1631 394 1767 425 Oratores
1779 394 1978 426 Procuratores
1994 398 2172 430 Inviffiffitni
2193 410 2226 431 ac
2248 400 2411 433 Potentiffi-
2428 407 2486 445 Reg.

1360 431 1400 475 mi
1425 431 1548 461 Domini
1570 432 1702 476 Domini*
1714 432 1804 462 Caroli
1822 435 1996 477 Romanorum
2006 436 2192 479 *Imperatoris
2207 438 2295 478 Regis
2309 440 2411 480 Hispa-

1358 479 1481 537 nngtttm,
1497 468 1558 504 &n
1577 470 1704 501 Domini
1720 481 1752 501 ac
1766 471 1914 502 Genitoris
1926 473 2014 503 nostri
2029 473 2227 507 Colendiffimi
2238 499 2247 515 ‚

1393 530 1596 577 Re'verendum
1611 547 1638 576 in
1654 546 1773 577 Christo
1787 546 1899 578 Patrem
1909 570 1920 586 ,
2314 582 2316 587 ,

1352 582 1735 654 Ιᾶῑξέἓὶῃῑληῃυῗῖὲςιερβαηωη
1752 585 1906 625 Epifiopum
1919 587 2113 627 Vintoniensem
2127 589 2269 627 Magnum
2292 591 2414 623 Cancel-

1391 631 1556 691 Dominugrn
1571 646 1714 690 &enricum
1729 665 1854 690 Comitem
1871 662 1903 691 de
1915 663 2051 694 Arondell
2064 664 2207 703 Magnum
2222 667 2418 699 Seneschalum

1354 695 1478 767 gorlpgrtiiii
1498 699 1532 766 (ἐξ
1546 700 1708 768 ἕξὲξῑίοτὶε
1728 699 1853 731 Concilii
1873 700 2021 740 Reginalis
2036 702 2225 735 Prelidentem
2248 716 2280 737 ac
2296 706 2419 742 „Ordinis

1393 747 1570 818 Wilhelmtqcm
1590 760 1734 806 Dominum
1754 778 1842 815 Paget
1866 777 1901 809 de
1925 777 2088 811 Beaudesert
2109 780 2232 818 ejusdem
2248 782 2362 815 Ordinis
2377 786 2419 817 E-

1376 822 1464 843 uitem

1357 823 1375 852 q
1396 836 1537 882 Rober’tum
1558 851 1696 892 Rochesl-re
1716 851 1851 891 Equitem
1876 854 2012 887 Auratum
2036 856 2106 887 dicti
2126 856 2250 896 Hospitii
2272 858 2420 900 Reginalis

1357 888 1656 922 Contrarotulatorem
1670 900 1703 922 ac
1719 890 1851 921 Ducatfis
1866 891 2036 924 Lancastriae
2050 895 2276 935 Cancessartum,

1397 927 1433 958 Et
1448 929 1624 959 Wilhelmum
1638 931 1719 959 Petre
1732 929 1869 968 Equitem
1885 931 2022 962 Auratum
2034 932 2221 965 Secretarium
2236 935 2404 969 Primarium

1359 965 1546 998 Sereniffimae
1561 978 1594 998 ac
1610 967 1804 998 Illustriffimae
1818 967 1976 1008 Dominae,
1994 973 2033 999 D.
2050 974 2149 1001 Mariae
2164 973 2275 1011 Angliae
2295 963 2416 1008 Franciae’

1360 1003 1398 1039 ῤ’
1415 1005 1551 1036 Hiberniae
1563 1009 1684 1044 Reginae,
1704 1005 1888 1037 Consiliarios
1902 1016 1986 1046 atque
2001 1007 2233 1050 Commiffirios,

1396 1042 1564 1075 Tractatum
1582 1052 1764 1075 conventum
1781 1046 1814 1076 &
1833 1046 2039 1077 concordatum
2059 1047 2090 1078 fit
2108 1048 2144 1078 de
2164 1049 2356 1083 Matrimonio
2375 1054 2420 1083 in*-

1360 1088 1402 1111 ter
1421 1081 1488 1126 Nos
1506 1083 1539 1113 &
1558 1083 1666 1127 ditstam
1684 1082 1893 1127 Sereniffimam
1910 1088 2039 1122 Reginam
2056 1086 2268 1126 contrahendo,
2294 1091 2418 1130 sintque,

1359 1119 1430 1164 ultra
1448 1119 1516 1164 dien
1536 1120 1718 1152 Matrimonii
1736 1131 1868 1160 eorumq3
1888 1132 1951 1160 quae
1969 1123 2033 1153 inde
2049 1124 2208 1162 dependent
2223 1126 2368 1167 capitula,
2382 1130 2419 1160 de

1360 1167 1444 1188 certis
1471 1159 1531 1189 aliis
1550 1159 1680 1190 Articulis
1692 1169 1778 1203 ,Upro
1793 1160 1929 1191 foeliciori
1946 1161 2103 1193 direfflone
2119 1173 2263 1203 perpetuae
2283 1166 2421 1198 Concor-

1360 1196 1415 1226 diae
1431 1196 1513 1227 Bono
1530 1207 1563 1228 ac
1582 1199 1601 1218 ²*
1622 1198 1774 1229 Securitate
1788 1198 1960 1236 Regnorum
1974 1201 2006 1230 ὃς
2022 1200 2233 1232 Dominiorum
2248 1204 2334 1235 dietae
2352 1206 2420 1237 Do·
2438 1212 2456 1232 ἢ*
2476 1214 2542 1241 XV,

1361 1235 1448 1265 minae
1465 1237 1591 1274 Regina»,
1607 1237 1678 1266 inter
1703 1236 1820 1267 eosdem
1840 1236 2058 1268 Commissarios
2078 1243 2326 1274 communicatum
2348 1255 2419 1276 con·
2435 1263 2500 1288 402o

1359 1279 1479 1304 ventum
1494 1275 1528 1305 δε
1542 1274 1707 1305 conclusum
1721 1275 1749 1304 in
1763 1284 1830 1304 eum
1845 1277 1894 1314 qui
1911 1276 2034 1314 sequitur
2049 1278 2183 1318 modum,

1361 1386 1370 1416 ¹
1397 1348 1545 1380 Univetfis
1561 1350 1593 1380 ὃς
1606 1349 1734 1389 fingulis,
1751 1350 1785 1381 ad
1800 1360 1871 1389 quos
1884 1351 2028 1389 praesentes
2042 1352 2146 1385 Literae
2161 1359 2355 1398 pervenerint,
2373 1359 2423 1391 Sa-

1372 1395 1460 1417 utem.

1398 1424 1517 1456 Notum
1542 1426 1662 1457 facimus
1688 1427 1766 1466 quod
1790 1437 1843 1457 nos
1867 1427 2018 1466 Stephanus
2032 1451 2041 1467 ,
2072 1429 2260 1465 Permiffione
2285 1435 2396 1468 Divina

1362 1465 1487 1493 Winton.
1503 1464 1644 1533 Epzjfiopus·
1658 1487 1667 1503 ,
1694 1475 1811 1501 magnus
1828 1466 1938 1505 Angliae
1957 1466 2162 1508 Cancellarius‚
2185 1475 2314 1503 Henricus
2333 1460 2423 1505 come}

1360 1501 1393 1530 de
1419 1503 1549 1532 Arundel
1582 1513 1702 1541 magnus
1725 1504 1894 1535 Senescallus
1918 1504 2041 1544 Hospitii
2070 1507 2258 1541 Sereniffimae
2278 1512 2422 1544 Dominae

1361 1539 1482 1578 Reginae
1507 1542 1540 1571 &
1565 1540 1693 1573 Concilii
1711 1543 1854 1580 cujusdam
1874 1543 2022 1575 Praesidens
2041 1545 2159 1577 Ordinis
2176 1547 2299 1580 Garterii
2318 1551 2423 1589 Miles,

1362 1577 1524 1609 lVilhelmus
1545 1583 1674 1610 Dominus
1703 1583 1788 1619 Paget
1815 1582 1851 1612 de
1875 1582 2038 1614 Beaudesert
2062 1584 2131 1615 dicti
2157 1586 2275 1618 Ordinis
2299 1588 2422 1620 Garterii

1363 1617 1466 1655 Miles,
1483 1618 1613 1648 Robertus
1630 1617 1768 1659 Rochester
1788 1616 1875 1651 Miles
1894 1620 2018 1658 Hospitii
2037 1621 2122 1654 dictae
2142 1624 2281 1657 Dominae
2301 1626 2422 1663 Reginae

1361 1654 1606 1688 Contrarotulator
1625 1656 1757 1689 Ducatus
1778 1658 1948 1689 Lancastriae
1964 1658 2153 1692 Cancellarius
2169 1685 2179 1700 ‚
2203 1665 2235 1695 ἃ
2262 1661 2424 1697 Wilhelmus'

1361 1695 1442 1723 Petre
1461 1693 1547 1725 Miles
1578 1695 1701 1733 ejusdem
1724 1695 1864 1727 Dominae
1889 1697 2010 1736 Reginae
2036 1699 2201 1737 Principalis
2228 1703 2397 1735 Secretatius

1361 1732 1999 1811 53⁰3;‚,2232gss}³‚22233⁰s‘ssassisis
2015 1727 2424 1810 &gwerra

1974 1787 1981 1803 ι
2005 1797 2014 1810 ‚
2087 1799 2093 1805 .
2208 1789 2247 1808 no
2287 1790 2335 1809 aro
2347 1792 2361 1810 o
2397 1793 2426 1811 o-

1363 1811 1427 1838 mite
1442 1809 1475 1838 de
1492 1809 1615 1847 Lalaing
1632 1809 1744 1840 Bal-one
1762 1810 1920 1841 Schornaci
1936 1833 1946 1848 ,
1968 1813 2029 1843 &c.
2055 1812 2289 1848 Locumtenente
2311 1819 2427 1856 Capita-

1361 1855 1418 1877 neo
1438 1846 1571 1878 Generali
1589 1851 1623 1880 &
1641 1848 1783 1886 Supremo
1801 1846 1908 1881 Bailivo
1929 1849 2093 1881 Comitatus
2111 1852 2290 1894 Hannoniae‚
2313 1856 2427 1895 Equiti-

1361 1884 1414 1915 bus
1431 1884 1549 1916 Ordinis
1567 1887 1656 1917 Aurei
1676 1886 1808 1925 Veneris,
1835 1887 1950 1926 Joanne
1966 1889 1997 1917 de
2017 1892 2217 1923 Montmoranci
2235 1893 2339 1932 Equite
2359 1895 2427 1927 Do-

1363 1925 1446 1954 mino
1464 1923 1499 1954 de
1515 1924 1681 1956 Courrieres
1700 1925 1808 1958 Bailivo
1827 1925 1993 1957 Comitatus
2010 1927 2162 1960 Alostenfis
2178 1953 2188 1969 ‚
2214 1932 2327 1971 Philippi
2345 1937 2427 1973 Nigri

1363 1961 1517 2001 Praepofito
1534 1963 1673 1994 Ecclefi'ae
1690 1963 1858 2001 Collegiatae
1866 1964 2098 1996 Harlebecceniis
2117 1968 2189 1999 dieti
2206 1969 2323 2005 Ordinis
2342 1973 2431 2005 Aurei

1362 1999 1479 2031 Velleris
1498 1999 1675 2032 Cancellario
1693 2024 1704 2040 ,
1727 2005 1760 2033 δε
1779 2005 1881 2032 Simone
1899 2004 2010 2032 Renard
2029 2004 2258 2039 Locumtenente
2276 2009 2430 2043 Bailivatfis

1362 2039 1505 2070 d’Amont
1521 2064 1530 2076 ,
1554 2042 1674 2070 nomine
1692 2040 1888 2071 [nvitfftiffimae
1904 2040 2034 2080 Caefizreae
2053 2044 2210 2084 Majestatis
2229 2048 2262 2078 &
2283 2048 2427 2080 Sereniffi-

1363 2078 1405 2107 mi
1423 2076 1561 2115 Principis
1578 2078 1692 2117 Phllippi
1710 2079 1774 2108 Filii
1791 2079 1913 2117 ejusdem
1930 2102 1940 2118 ,
1967 2081 2197 2114 contrahentibus
2216 2086 2248 2116 &
2266 2087 2428 2123 paciscenti-

1363 2116 1434 2154 bus,
1451 2116 1631 2148 tractavimus
1647 2119 1680 2149 ὃς
1696 2119 1885 2149 convenimus
1901 2119 1930 2148 in
1949 2119 2026 2150 hunc
2046 2121 2095 2158 qui
2112 2121 2233 2160 sequitur
2251 2125 2391 2166 modurn,

1404 2192 1508 2232 Qum
1535 2193 1563 2222 in
1587 2192 1727 2224 Tradiatu
1756 2193 1960 2226 Matrimoniali
1986 2197 2061 2227 inter
2087 2197 2299 2231 Serenissimum
2317 2201 2429 2234 Domi-n

1368 2241 1442 2262 num
1466 2230 1614 2269 Philippum
1638 2234 1783 2270 Principem
1809 2233 2001 2272 Hispaniarum
2030 2236 2063 2265 δε
2091 2236 2300 2269 Serenisfitnam
2320 2240 2429 2272 Domi-

1365 2279 1434 2300 nam
1453 2273 1576 2300 Mariam
1592 2272 1720 2307 Reginam
1736 2271 1863 2309 Angliae‚
1882 2273 1941 2303 &c.
1960 2274 2122 2312 generaliter
2135 2275 2248 2306 dictum
2264 2279 2297 2309 δε
2313 2288 2430 2311 cautum

1367 2308 1400 2339 fit
1417 2331 1427 2346 ,
1454 2308 1531 2346 quod
1548 2308 1656 2338 Officia
1674 2309 1796 2347 ejusdem
1820 2310 1866 2340 Re
1887 2313 1913 2340 ni
1932 2311 2172 2352 Dominiorumq3
2188 2315 2254 2345 inde
2270 2316 2433 2355 dependen-

1368 2347 1440 2378 tium
1458 2347 1579 2377 d'ebeant
1593 2347 1776 2378 administrari
1795 2358 1844 2385 per
1893 2350 2033 2388 riginarios
2049 2352 2081 2382 &
2098 2351 2246 2384 Naturales
2264 2356 2432 2397 eorundem,

1370 2385 1505 2424 quodque
1524 2388 1553 2415 in
1572 2386 1708 2416 omnibus
1726 2386 1850 2418 debeant
1867 2387 1966 2419 servari
1981 2387 2048 2427 Jura
2068 2388 2217 2431 PrivilegIa
2242 2393 2276 2423 &
2303 2393 2433 2433 Consue-

1370 2423 1479 2455 tudines
1501 2423 1626 2461 ipsorum
1644 2447 1653 2463 ,
1675 2426 1820 2463 cupientes
1835 2448 1844 2462 ‚
1870 2435 1969 2457 contra
1996 2427 2086 2458 futura
2101 2430 2223 2466 pericula
2243 2433 2277 2462 ὃς
2293 2433 2434 2465 inconve-

1371 2464 1490 2500 nientia,
1510 2471 1574 2500 quae
1591 2472 1625 2493 ex
1642 2462 1814 2494 diversarum
1833 2464 1996 2496 Nationum
2010 2467 2219 2505 conjunc'tione
2237 2471 2270 2501 &
2287 2481 2434 2504 exrraneo-

1373 2511 1437 2532 rum
1455 2500 1621 2532 admissione
1637 2509 1842 2540 nonnunquam
1861 2504 1975 2534 evenire
1993 2504 2101 2543 solent,
2121 2505 2156 2537 de
2175 2517 2285 2539 maturo
2302 2511 2436 2547 provide-

1373 2549 1404 2570 re
1423 2539 1569 2579 Remedio
1616 2540 1708 2571 dic‘tus
1726 2540 1875 2572 Dominus
1896 2544 2019 2581 Princeps
2042 2544 2234 2582 Hispaniarum
2250 2570 2259 2582 ,
2283 2558 2436 2587 antequam

1373 2578 1551 2616 Nuptiarum
1570 2577 1715 2610 solemnia
1732 2580 1965 2619 celebrabuntur,
1982 2581 2128 2612 solenniter
2146 2585 2180 2614 δε
2197 2586 2224 2614 in
2239 2584 2338 2618 Verbo
2352 2588 2435 2620 Prin-

1376 2617 1446 2654 cipis
1465 2619 1612 2654 promittet
1627 2618 1660 2648 ὃς
1672 2617 1842 2656 juramento
1860 2620 1944 2649 etiam
1962 2620 2085 2652 firmabit
2103 2621 2232 2660 Capitula
2243 2624 2401 2666 sequentia,

1416 2693 1440 2725 P
1451 2704 1474 2724 R
1485 2703 1495 2723 r
1508 2702 1580 2732 Mn,
1607 2693 1687 2731 quod
1704 2693 1815 2724 nullum
1834 2704 1997 2727 extraneum
2016 2697 2061 2728 fleu
2077 2708 2136 2728 non
2151 2708 2249 2730 natum
2265 2701 2315 2731 sub
2332 2702 2439 2734 Domi-

1379 2733 1428 2762 nio
1446 2734 1479 2764 &
1498 2732 1682 2770 Subjeffione
1699 2732 1886 2764 Sereniffimae
1904 2734 2043 2766 Dominae
2060 2740 2167 2774 Reginae
2183 2738 2295 2776 Angliae
2321 2751 2439 2778 promo-

1379 2772 1458 2801 vebit
1476 2770 1603 2801 admittet
1617 2770 1662 2801 seu
1680 2773 1795 2809 recipiet
1814 2773 1847 2802 ad
1862 2773 1975 2810 aliquod
1994 2774 2136 2806 Officium
2154 2776 2440 2812 Administrationem

1380 2811 1426 2854 vel
1451 2809 1625 2840 Beneficium
1653 2810 1681 2839 in
1704 2809 1784 2840 dicto
1805 2810 1915 2849 Regno
1941 2813 2052 2852 Angliae
2081 2815 2113 2846 «Sc
2138 2813 2284 2846 Dominiis
2309 2819 2334 2848 ei
2355 2829 2441 2850 anne—

1380 2857 1421 2878 xrs

1422 2871 1514 2925 Quod
1528 2885 1624 2928 didius
1635 2882 1824 2917 Serenisl'imus
1837 2888 1960 2927 Princeps
1972 2889 2000 2919 in
2013 2889 2166 2922 Servitium
2183 2892 2300 2924 Domus
2320 2895 2353 2926 δε
2380 2895 2442 2927 Cum*

1381 2925 1498 2962 riae‘suae
1513 2925 1631 2962 recipiet
1646 2924 1680 2955 &
1694 2925 1826 2957 admittet
1842 2926 1966 2958 Nobiles
1977 2928 2011 2958 ὃς
2026 2928 2163 2960 vassallos
2176 2931 2246 2961 dicti
2265 2932 2311 2962 Re
2331 2934 2359 2963 ni
2382 2934 2443 2965 An-

1381 2963 1446 3002 gliae
1465 2965 1494 2993 in
1516 2972 1639 2994 numero
1660 2965 1859 3002 competenti,
1885 2965 1988 3004 eosque
2014 2975 2044 2997 ut
2070 2969 2199 3005 proprios
2222 2970 2283 3000 suos
2329 2973 2441 3004 ubditos

1383 3001 1601 3033 commendatos
1623 2999 1738 3032 habebit
1757 3003 1887 3034 tractabit
1902 3012 1961 3043 atq3
1977 3005 2098 3044 favebit,
2118 3017 2171 3037 nec
2187 3007 2252 3038 ullas
2269 3010 2297 3038 in
2316 3010 2363 3039 suo
2379 3010 2443 3041 Co-

1384 3042 1483 3071 mitatu
1501 3040 1623 3071 adducet
1633 3048 1681 3071 aut
1695 3040 1811 3072 habebit
1827 3043 1876 3079 qui
1891 3042 2016 3073 Subditis
2032 3044 2099 3074 dicti
2116 3044 2211 3082 Regni
2225 3046 2346 3084 aliquam
2367 3049 2439 3079 infe-

1384 3088 1444 3110 rant
1461 3078 1644 3116 Molestiam,
1659 3079 1693 3109 δε
1705 3079 1726 3108 fi
1743 3079 1886 3112 intulerint
1906 3081 2048 3120 condigna
2070 3082 2222 3114 Punitione
2241 3095 2289 3116 eos
2309 3087 2385 3118 affici
2405 3089 2438 3120 δε

1382 3118 1418 3149 de
1434 3118 1479 3148 sua
1496 3116 1584 3147 Curia
1596 3116 1695 3155 expelli
1710 3118 1835 3156 curabit3
1889 3151 1891 3155 Α
2047 3151 2049 3154 ,

1421 3156 1512 3195 Quod
1538 3155 1630 3185 dictus
1652 3154 1848 3186 Sereniffimus
1870 3158 1992 3195 Princeps
2012 3157 2083 3188 nihil
2097 3158 2182 3190 faciet
2196 3169 2226 3191 ut
2241 3161 2342 3199 aliquid
2358 3165 2441 3195 inno-

1381 3199 1464 3226 vetur
1478 3195 1507 3224 in
1520 3194 1598 3224 Statu
1613 3194 1647 3224 &
1660 3192 1677 3230 J
1681 3202 1728 3223 ure
1742 3194 1856 3231 publico
1870 3204 1914 3226 aut
1929 3197 2056 3234 privato,
2074 3197 2249 3238 Legibusque
2266 3202 2298 3231 ἅ
2314 3201 2444 3233 Consue-

1382 3233 1523 3265 tudinibus
1532 3231 1602 3262 dicti
1615 3231 1713 3268 Regni
1721 3232 1838 3275 'Anglicc
1851 3231 2100 3266 Dominiorumve
2112 3238 2149 3267 de
2162 3247 2198 3266 eo
2211 3237 2441 3279 dependentium,

1381 3272 1427 3303 sed
1444 3279 1544 3301 contra
1558 3269 1739 3300 confirmabit
1754 3272 1787 3302 ὃς
1802 3271 1962 3304 observabit
1977 3272 2087 3312 singulis
2100 3275 2219 3305 Statibus
2232 3278 2264 3307 δε
2282 3276 2439 3310 Ordinibus

1383 3313 1427 3342 sua
1438 3310 1505 3348 Jura
1520 3310 1552 3339 &
1568 3308 1738 3346 Privilegia;

1422 3348 1543 3386 Qiodqg
1561 3347 1651 3377 dietus
1670 3346 1816 3377 Dominus
1835 3349 1955 3387 Princeps*
1974 3350 2116 3386 praefatam
2139 3349 2345 3383 Sereniffimam
2371 3355 2436 3386 Do-

1383 3389 1492 3418 minam
1510 3389 1637 3422 Reginam
1653 3394 1729 3415 exrra
1750 3385 1828 3416 Fines
1847 3387 1944 3424 Regni
1963 3388 1999 3418 sui
2019 3389 2129 3426 Angliae
2143 3411 2152 3425 ,
2178 3390 2227 3419 nili
2246 3391 2299 3426 ipra
2325 3392 2353 3423 id
2378 3393 2438 3424 fieri

1383 3425 1537 3464 rogaverit,
1556 3433 1614 3453 non
1637 3423 1776 3461 abducet,
1793 3435 1885 3463 neque
1907 3426 2027 3456 Liberos
2047 3427 2095 3463 qui
2118 3436 2151 3456 ex
2171 3427 2228 3458 hoc
2243 3428 2436 3463 Matrimonia

1384 3465 1527 3495 nascentur
1541 3471 1573 3492 ex
1587 3462 1692 3492 eodem
1715 3462 1824 3500 Angliae
1849 3462 1957 3500 Regno
1977 3464 2121 3502 distrahet,
2141 3465 2185 3494 sed
2208 3467 2314 3497 ibidem
2335 3479 2383 3500 eos
2402 3472 2437 3501 ad

1382 3504 1399 3534 s
1413 3512 1460 3532 em
1483 3501 1586 3531 futurae
1605 3499 1793 3530 Succeffionis
1817 3503 1914 3531 nutriri
1937 3503 1970 3531 ἃ
1993 3503 2103 3532 educati
2123 3503 2207 3541 sinet,
2232 3506 2283 3536 nisi
2307 3507 2379 3539 aliud
2400 3511 2436 3540 de

1383 3512 1529 3572 gonsensu
1548 3537 1715 3576 Magnarum
1730 3537 1843 3577 Angliae
1857 3540 2016 3571 faciendum
2032 3541 2187 3579 videbitur,

1421 3579 1459 3609 Et
1479 3579 1507 3607 in
1526 3575 1599 3606 Casu
1622 3586 1699 3614 quo,
1715 3576 1809 3608 multis
1833 3579 1933 3608 relit‘tis
1953 3579 2080 3616 Liberis,
2108 3580 2284 3611 Sereniffima
2309 3583 2435 3616 Domina

1381 3619 1482 3654 Regina
1499 3617 1709 3655 praemoriatur,
1727 3615 1818 3646 dictus
1831 3616 1978 3646 Dominus
1993 3619 2113 3654 Pri-:ceps
2126 3618 2233 3648 nullum
2250 3620 2297 3649 libi
2312 3622 2338 3650 in
2354 3623 2434 3654 dit‘to

1383 3655 1489 3695 Regno
1507 3653 1618 3691 Angliae
1631 3652 1683 3691 Jus
1695 3653 1867 3692 vindicabit,
1885 3654 1929 3684 sed
1944 3656 2000 3694 ejus
2015 3655 2228 3686 Succeffioncm
2249 3658 2281 3687 ad
2298 3670 2346 3690 eos
2366 3671 2439 3699 (μω

1382 3692 1537 3724 secundnm
1557 3692 1625 3730 Jura
1644 3693 1677 3722 δε
1703 3690 1793 3730 Leges
1814 3692 1939 3730 ejusdem
1956 3692 2051 3732 Regni
2064 3693 2198 3731 spectabit
2217 3700 2362 3734 pervenire
2374 3700 2432 3731 sine

1381 3733 1473 3769 aliquo
1489 3730 1694 3768 impedimento
1709 3731 1872 3768 permittet:,

1419 3771 1525 3806 ITEM,
1541 3768 1618 3806 quod
1632 3767 1723 3797 dieitus
1740 3768 1933 3799 Sereniffimus
1953 3770 2073 3807 Princeps
2088 3780 2148 3801 non
2168 3773 2272 3808 poterit
2293 3777 2370 3806 extra
2391 3776 2434 3807 di-

1380 3809 1463 3840 &um
1482 3807 1617 3845 Regnum
1631 3814 1740 3843 portate
1753 3807 1798 3837 vel
1813 3807 1957 3838 transferre
1967 3806 2073 3845 Jocalia
2089 3809 2121 3838 ὅ(
2144 3809 2203 3840 Res
2224 3812 2352 3848 pretiosas
2372 3824 2433 3846 ma-

1376 3849 1445 3887 joris
1464 3845 1674 3886 aestimationis,
1692 3854 1746 3875 nec
1770 3855 1860 3883 quoq3
1880 3846 2008 3875 alienabit
2029 3847 2183 3885 quicquam
2205 3847 2241 3879 de
2262 3852 2436 3886 pertinentiis

1381 3886 1450 3916 dieti
1469 3884 1564 3923 Regni
1580 3882 1706 3920 Anglrae,
1723 3891 1770 3914 aut
1784 3885 1936 3921 quicquam
1953 3893 2002 3921 per
2016 3884 2078 3914 suos
2092 3885 2226 3917 Subditos
2246 3897 2290 3918 aut
2311 3890 2381 3921 alios
2399 3893 2436 3922 de

1381 3926 1420 3954 eis
1434 3922 1553 3961 usurpari
1568 3921 1728 3958 permittet3
1746 3921 1791 3951 sed
1805 3923 1903 3954 omnia
1917 3922 1981 3952 loca
2005 3921 2120 3962 Regni,-
2138 3925 2171 3955 δε
2192 3925 2341 3964 praesertim
2364 3929 2435 3960 For*

1379 3962 1462 3993 talitia
1485 3961 1517 3990 &
1540 3958 1717 3995 Limitropha
1738 3961 1795 3997 ejus
1817 3960 1932 3991 fideliter
1957 3959 1991 3990 ad
2011 3961 2090 3991 usum
2119 3963 2152 3993 &
2186 3964 2332 3997 utilitatem
2363 3969 2431 3999 dicti·

1380 4000 1475 4040 Regni
1494 4000 1527 4030 ὃς
1539 4007 1588 4036 per
1602 3996 1778 4033 Originarios
1791 3999 1824 4028 ὃς
1839 3997 1988 4029 Naturales
2008 3999 2129 4036 ejusdem
2152 4001 2286 4033 custodiri
2306 4005 2339 4035 ὅς
2362 4017 2434 4037 con-

1380 4039 1481 4069 servari
1493 4037 1617 4073 curabit,
1634 4045 1688 4066 nec
1701 4036 1767 4066 inde
1782 4036 1882 4067 Naves
1894 4036 2066 4068 Bernhardas
2080 4047 2128 4069 aut
2141 4039 2191 4070 alia
2205 4051 2356 4080 quaecunqg
2370 4044 2434 4075 Bela

1380 4077 1399 4107 li
1410 4079 1444 4110 ὃς
1462 4075 1642 4108 Defensionis
1656 4073 1843 4105 Instrumenta
1855 4077 1985 4106 amoveri
2006 4075 2090 4115 finet,
2106 4077 2152 4109 sed
2172 4088 2269 4111 contra
2288 4081 2432 4119 diligenter

1867 4113 1933 4152 D3
2403 4129 2436 4152 ea
