2542 4274
0 219 82 251 ,n.D.

0 268 63 298 517·

0 310 20 326 2.
40 298 69 325 8.

0 1475 94 1508 an.D.

7 1524 74 1553 517·

0 1567 12 1580 ι.
25 1566 51 1589 9.

14 1595 40 1621 8.

0 1643 2 1648 ·
32 1637 91 1660 Au-

3 1681 24 1697 r.

9 1711 92 1738 XIU.

0 1758 46 1775 00.

104 110 181 164 ¹38

107 196 221 227 D1vino
242 190 349 223 Cultui
370 189 511 221 Dedicata
532 200 568 221 ex
584 191 662 222 causa
685 191 850 227 Pignorum
872 189 918 220 vel
939 189 1004 220 alifis
1021 189 1172 219 occasione

107 232 264 265 Solutionis
279 230 366 260 dicire
381 230 501 267 integrae
516 229 650 261 Decimae
670 229 823 260 nullatenus
837 229 981 266 capiantur
991 249 1000 265 ,
1017 227 1171 257 distrahan-

107 282 150 303 tur
165 270 213 300 vel
229 276 425 306 occupentur,
980 305 984 308 1
1133 303 1138 309 .

147 308 238 345 Quod
260 318 293 337 ue
312 306 492 345 praesentium
514 307 674 338 Literarum
694 305 910 342 Transumpto‚
925 302 986 333 Tui
1002 312 1050 347 aut
1063 303 1171 333 alterius

109 347 223 379 Praelati
268 345 443 376 eclesiasticis
458 345 557 384 Sigillo
571 346 603 376 &
617 344 724 381 publici
736 344 771 375 N
772 344 853 374 orarii
866 341 1093 386 substipulatione
1106 351 1171 371 mu-

111 388 190 423 nito,
206 384 305 415 eadem
328 384 438 421 prorsus
457 384 537 414 Fides
555 384 716 414 adhibeatur
731 405 740 419 ,
763 383 792 411 in
807 380 925 424 judicio
943 381 976 411 &
994 389 1086 418 extra,
1108 389 1171 417 quae

109 424 289 455 adhiberetur
303 422 367 461 ipsis
383 422 574 462 Originalibus
590 422 702 452 Litteris
716 421 736 450 si
752 420 840 450 essent
855 419 988 449 exhibitae
1007 418 1052 449 vel
1074 417 1171 448 osten-

151 499 236 531 Nulli
252 509 323 537 ergo
342 500 465 530 omnino
482 499 647 530 Hominum
664 497 746 527 liceat
766 495 840 538 hanc
856 495 993 534 Paginam
1009 493 1172 525 nostrorum

112 539 210 576 Facti,
225 537 405 576 Creationis,
423 535 882 574 constitutionis,Depurationis‚
899 533 1118 571 Conceffionis,
1138 533 1172 564 δε

111 577 272 609 Voluntatis
286 576 460 614 infringere,
474 577 535 607 &c.
1026 611 1031 616 ¹
1077 611 1082 616 ⁶

153 616 266 646 Datum
286 618 378 644 Romae
396 614 468 654 apud
488 613 623 644 sanetum
641 612 875 650 Petrum,Anno
893 610 1096 642 Incarnationis
1109 609 1174 640 Do-

114 655 230 684 minicae
247 653 397 683 millesimo
412 675 422 689 ,
444 652 684 691 quingentesimo,
700 650 816 680 decimo
842 650 960 688 septimo
974 672 984 688 ,
1005 659 1086 680 nono
1109 647 1175 679 Kal.

113 690 306 731 Septembris,
316 691 501 723 Pontificatus
512 690 600 721 nostri
615 699 689 721 anno
706 689 816 728 quinto.

854 765 1033 797 Bssmnua

271 844 363 884 Vlsa'
800 881 852 920 Jo.
878 881 1139 912 MADrquL.

245 924 327 960 Super
345 920 459 961 plicam,

855 996 959 1027 Tiro.
986 1005 1035 1027 DE
1059 995 1178 1028 BuNs.

150 1075 204 1106 Sub
218 1074 344 1106 Plumbeo
359 1075 450 1113 sigillo
459 1072 593 1114 pendente
607 1085 625 1104 a
640 1072 705 1103 Filis
716 1071 809 1112 sericis
822 1072 908 1104 Flavi
927 1073 1052 1114 rubeique
1067 1072 1178 1104 Coloris.

176 1203 271 1246 Suser
287 1203 494 1247 Prorogatione
516 1200 706 1245 Trcugarum
717 1225 727 1241 ‚
750 1196 933 1245 Approbatio
952 1202 1116 1232 Scotorum.

114 1287 151 1315 To
174 1284 220 1315 the
244 1284 324 1315 Richt
342 1285 490 1315 Excellent
513 1287 608 1314 Prince
629 1283 745 1322 Johnne
773 1283 842 1314 Duc
867 1283 904 1314 of
923 1284 1034 1323 Albany
1060 1282 1127 1313 Erle
1150 1283 1185 1322 of

151 1323 266 1353 Asarche
285 1324 345 1353 and
359 1323 516 1361 Gariaiath,
526 1322 610 1352 Lara'
620 1322 649 1360 of
665 1321 880 1352 Amiandirdale
900 1323 958 1353 and
969 1326 1059 1360 Man,
1077 1325 1179 1351 Tutour

152 1364 301 1399 Legittime
318 1370 346 1391 to
362 1366 435 1391 Oure
449 1366 586 1391 Soverane
603 1362 680 1391 Lord
696 1361 743 1391 the
757 1363 853 1399 Kingis
867 1364 972 1400 Gracc,
987 1364 1178 1391 Gouvernoure

153 1401 213 1430 and
223 1402 394 1430 Protectoure
409 1400 444 1440 of
451 1400 492 1430 his
507 1398 627 1430 Realme.

116 1475 217 1532 WE
243 1476 440 1508 underwrittin
460 1476 601 1515 Spirituall
618 1477 672 1508 and
688 1477 865 1515 Temporale
879 1477 934 1509 and
951 1476 1178 1509 Commissiona-

210 1516 245 1544 ris
261 1516 297 1545 of
308 1515 449 1547 Burrowis
465 1515 667 1554 Representing
685 1517 731 1547 the
747 1517 828 1547 Thre
850 1516 950 1548 Estatis
964 1517 1001 1548 of
1014 1516 1160 1548 Scottland
1170 1539 1180 1555 ‚

115 1549 242 1583 Honour
260 1554 378 1584 Fidelite
392 1558 446 1585 and
461 1554 585 1586 Service.

152 1592 228 1621 THE
258 1594 473 1624 AEsTmENOE
499 1603 541 1624 OF
569 1594 702 1631 wintra,
723 1593 781 1631 past
802 1593 857 1624 and
878 1593 1023 1625 cuncludit
1044 1595 1080 1625 be
1094 1605 1177 1624 zoure

115 1632 201 1660 Grace
217 1629 262 1660 for
275 1631 324 1661 the
359 1641 416 1662 arte
428 1633 465 1662 of
483 1632 538 1662 this
563 1630 683 1663 Realmc
699 1655 709 1670 ,
732 1632 786 1662 and
807 1634 844 1664 be
859 1632 906 1664 the
927 1632 1009 1663 maist
1025 1633 1177 1664 Reverend

114 1668 294 1707 Archszlchop
308 1681 321 1698 o
356 1669 644 1708 Zork‚Chancellare
659 1670 678 1689 ²*
695 1670 749 1700 3ηά
765 1670 916 1702 Cardinale
930 1670 1006 1702 ofin
1028 1671 1111 1702 lannd
1125 1672 1178 1702 Le-

115 1716 178 1738 ⁰ate
193 1707 229 1737 of
241 1708 288 1738 the
302 1709 374 1747 Sege
391 1708 599 1748 Apostolicque
616 1731 626 1746 ,
654 1708 683 1738 in
706 1709 755 1740 the
777 1709 877 1740 Name
898 1709 935 1739 of
950 1710 999 1740 the
1045 1711 1105 1741 icht
1119 1710 1178 1741 Hie

114 1730 207 1776 incht
222 1745 367 1777 Excellent
389 1748 444 1777 and
460 1746 585 1785 Mychty
601 1746 702 1777 Prince
719 1751 814 1788 Henry
829 1750 903 1786 King
917 1746 1177 1788 osInglannd,and

114 1784 201 1815 under
215 1784 258 1814 his
273 1784 380 1816 Hienes
395 1784 485 1816 Grete
499 1785 564 1816 Seill
580 1785 692 1825 Ratifyt
709 1809 717 1824 ‚
745 1795 777 1817 to
796 1786 902 1817 endure
921 1787 975 1818 and
999 1788 1035 1817 be
1055 1789 1178 1819 obicrvit

106 1823 163 1864 fra
179 1822 225 1852 the
238 1822 307 1859 Feist
320 1823 355 1863 of
364 1825 449 1853 Sane?
464 1825 596 1854 Androw
611 1828 635 1854 iri
656 1827 787 1863 PVynter,
802 1825 850 1855 the
867 1825 944 1856 Zere
966 1825 1002 1856 of
1019 1826 1089 1857 God
1110 1827 1177 1857 Ane

116 1861 273 1892 Thousand
298 1861 368 1892 Five
382 1861 537 1893 Hundreth
559 1862 614 1893 and
633 1862 770 1902 Sextene,
786 1872 856 1894 unto
877 1865 925 1894 the
946 1864 1041 1904 samyn
1063 1865 1132 1904 Feist
1150 1865 1186 1903 of

113 1901 200 1930 Sanc?
224 1900 354 1930 Androw
369 1904 432 1930 nixt
455 1900 527 1940 aftir
542 1901 678 1941 folowing
693 1923 703 1938 ,
725 1903 754 1932 in
785 1902 834 1932 the
860 1902 937 1934 Zere
958 1903 995 1932 of
1010 1902 1081 1933 God
1111 1904 1177 1935 Ane

114 1937 269 1969 Thoufiind
288 1939 356 1969 Five
373 1938 527 1970 Hundreth
542 1940 597 1970 and
614 1940 782 1978 Sevintene,
797 1941 861 1971 Red
870 1964 879 1979 ‚
896 1941 985 1980 Sene,
999 1942 1053 1972 and
1068 1942 1105 1972 be
1119 1943 1178 1973 Ws

114 1977 202 2016 ripely
226 1977 399 2007 understood
417 2000 426 2016 ‚
448 1979 502 2008 and
526 1988 596 2008 now
618 1978 778 2015 Prorogate
794 1980 848 2009 and
872 1979 1050 2011 Continewit
1072 1981 1113 2011 fra
1128 1981 1177 2012 the

114 2015 177 2046 sade
192 2015 260 2054 Feist
275 2015 309 2054 of
318 2017 402 2045 Sane}
418 2017 550 2046 Androw
566 2017 595 2047 in
609 2016 782 2047 November
804 2019 864 2048 nixt
879 2027 911 2049 to
934 2027 1021 2056 curn,
1044 2028 1114 2049 unto
1130 2020 1177 2049 the

113 2054 210 2094 samyn
226 2055 311 2084 Sanc?
328 2055 450 2084 Androis
467 2058 530 2094 Day
546 2063 574 2086 at
590 2055 636 2086 the
653 2056 705 2086 said
721 2055 808 2085 Seson
818 2079 827 2094 ,
845 2058 876 2086 in
899 2057 946 2087 the
969 2057 1045 2088 Zere
1058 2058 1095 2088 of
1103 2057 1176 2089 God

113 2092 180 2123 Ane
195 2092 351 2124 Thoussnd
368 2093 437 2123 Five
452 2093 604 2125 Hundreth
619 2094 674 2125 and
691 2093 865 2134 Nynerene,
890 2095 957 2127 mak
971 2095 1027 2126 and
1041 2095 1078 2126 of
1094 2095 1177 2129 New

112 2129 305 2173 Prorogatiqn
321 2131 396 2162 Twa
411 2131 493 2162 Zeris
507 2133 665 2170 complete,

149 2168 183 2199 In
213 2168 437 2200 considerationn
470 2171 528 2201 that
553 2172 601 2201 the
622 2171 773 2202 Auctorite
802 2171 879 2202 Riall
907 2173 944 2203 of
961 2173 1017 2204 this
1037 2173 1175 2213 ReaIrne,

111 2207 206 2239 throw
229 2207 372 2238 Minorite
385 2207 422 2238 of
430 2207 510 2239 Oure
525 2208 670 2239 Soverane
684 2233 692 2248 ,
714 2211 734 2239 is
750 2211 779 2239 in
798 2218 886 2240 zoure
908 2211 1040 2241 Hanndis
1060 2213 1176 2243 Tutour

110 2246 167 2277 and
184 2246 347 2277 immediate
362 2246 550 2278 Succeffoure
565 2256 596 2278 to
618 2248 667 2278 the
690 2247 769 2287 King
788 2248 843 2279 and
864 2248 1011 2288 Crowne,
1040 2250 1094 2280 and
1116 2251 1176 2282 that

112 2285 153 2316 ful
174 2284 228 2315 and
240 2284 352 2315 liberale
372 2285 607 2317 Administration
619 2308 628 2324 ‚
642 2296 720 2326 upon
741 2287 775 2316 311
788 2287 842 2317 3ηά
860 2287 948 2327 sindry
973 2290 1084 2318 materis
1103 2299 1176 2319 con-

111 2322 681 2402 {tristitae{fareiae
689 2324 1175 2396 >2‡z.{³{{‘5{‡.133÷‡¹;30{¹²3{1³2ss

113 2399 286 2431 Parliament
301 2401 338 2430 be
355 2402 404 2431 the
417 2401 502 2431 Thre
514 2401 614 2431 Estatis
627 2402 807 2439 audiorisate,

150 2438 185 2468 In
204 2438 325 2476 quhilkis
342 2447 377 2468 ze
396 2439 469 2468 have
486 2439 512 2468 sa
531 2439 582 2468 usit
599 2448 686 2468 mure
709 2439 762 2469 self
776 2439 907 2476 tuiching
923 2440 972 2469 the
988 2440 1043 2470 said
1065 2440 1174 2471 Tuteill

112 2477 168 2508 and
188 2476 233 2506 Re
253 2477 341 2505 iment
357 2476 393 2506 of
406 2476 486 2506 Oure
501 2476 644 2506 Soverane
661 2476 738 2507 Lord
760 2477 801 2506 his
816 2476 938 2507 Realme
951 2477 1006 2508 and
1023 2477 1174 2509 Commo-

111 2526 149 2547 ne
167 2514 258 2545 Weil
279 2514 390 2544 thareof
407 2536 416 2552 ‚
454 2514 544 2544 baitht
565 2515 666 2545 within
688 2516 742 2545 this
763 2514 885 2545 Realme
907 2516 961 2546 and
989 2518 1112 2547 outwith
1127 2519 1174 2548 the

110 2554 260 2592 sammyn,
275 2552 354 2582 That
375 2552 435 2582 We
454 2552 518 2583 hald
543 2553 597 2583 and
620 2555 723 2590 reputis
744 2553 792 2583 the
814 2553 965 2585 Auctorite
990 2554 1066 2584 Riall
1089 2557 1118 2586 in
1139 2558 1174 2586 all

112 2592 216 2629 thingis
229 2590 305 2622 weill
325 2592 473 2630 excercit‚
496 2591 550 2622 and
573 2593 601 2621 in
623 2592 732 2628 special]
753 2592 802 2622 the
826 2592 923 2623 forsaid
947 2592 1174 2630 Prorogationne

112 2631 149 2662 of
164 2629 315 2661 Abstinens
327 2629 362 2659 of
374 2630 466 2661 Were
480 2629 539 2668 past
553 2631 703 2661 concludit
718 2630 773 2661 and
787 2632 942 2668 approbate
956 2641 985 2661 as
1000 2631 1054 2662 said
1078 2634 1118 2671 is,

151 2669 221 2700 And
239 2668 285 2698 for
300 2667 380 2698 Oure
396 2678 472 2706 parte
486 2668 618 2699 confessis
636 2669 695 2699 Ws
710 2668 794 2699 oblist
808 2678 839 2699 to
864 2670 912 2700 the
934 2669 1123 2701 Observation
1143 2672 1179 2701 of

113 2708 162 2739 the
179 2707 308 2745 sammyn
326 2706 477 2737 Abstinens
493 2706 548 2738 and
563 2707 750 2746 Prorogation
767 2707 881 2738 thareof
891 2709 986 2745 takin,
1004 2711 1098 2747 tretit,
1116 2711 1171 2740 and

112 2745 267 2777 concordit
281 2745 318 2775 be
333 2744 435 2776 Zoure
447 2745 680 2783 Grace2havand
693 2747 741 2776 the
755 2745 858 2776 Povvcr
872 2747 927 2776 and
938 2747 1089 2778 Audiorite
1099 2749 1174 2779 Riall

111 2785 148 2815 of
159 2785 212 2814 this
228 2783 363 2822 Realme‚
378 2784 432 2814 and
449 2784 494 2814 sall
509 2784 625 2815 observe
640 2782 694 2815 and
711 2786 775 2822 keip
796 2784 844 2814 the
860 2783 988 2824 sammyn
1010 2786 1040 2816 in
1062 2787 1097 2816 all
1118 2788 1171 2817 3ηά

112 2823 216 2861 sundry
232 2822 353 2853 Articles
366 2822 420 2852 and
444 2823 566 2852 Pointtis
589 2824 720 2853 contenit
734 2823 890 2860 thairintill‚

152 2861 235 2895 And,
254 2862 283 2890 in
301 2859 399 2890 Takin
419 2860 457 2890 of
471 2861 526 2891 this·
542 2860 622 2890 Oure
640 2860 769 2891 Consent
784 2862 837 2891 and
855 2861 1000 2902 Oblisfing
1022 2864 1173 2902 heirintill‚

113 2898 175 2929 We
189 2898 224 2928 of
234 2898 262 2929 su
283 2898 477 2929 erabundance
492 2898 564 2930 have
578 2899 656 2929 affixt
679 2908 711 2929 to
734 2900 790 2930 thir
811 2899 944 2930 Preientis
964 2902 1044 2932 Oure
1060 2902 1130 2933 Selis
1145 2912 1173 2934 at

115 2937 257 2974 Edinburg
291 2936 339 2966 the
355 2936 460 2976 Sevynt
480 2936 546 2977 Day
564 2938 602 2968 of
620 2938 773 2976 october,
803 2938 852 2969 the
872 2938 948 2970 Zere
965 2940 1003 2971 of
1020 2940 1092 2972 God
1110 2941 1174 2972 Ane

112 2975 270 3007 Thousand
285 2974 354 3005 Five
368 2974 523 3006 Hundreth
538 2976 592 3006 and
606 2975 772 3007 Sevenrene.

184 3055 213 3082 S.
239 3051 363 3081 Andreae
381 3051 587 3092 Archiepifiopi.

185 3094 214 3120 S.
243 3088 389 3128 Glasguen.
414 3089 631 3130 Archiepifiopi‚
646 3091 814 3123 cancellarii.

186 3131 216 3159 S.
240 3130 358 3167 Episcopi
377 3128 550 3158 Dunkelden.

185 3170 214 3197 S.
240 3169 351 3198 Domini
377 3171 488 3197 Comitis
513 3166 652 3207 Angufiae.

185 3208 214 3235 S.
237 3208 348 3235 Domini
365 3208 474 3234 Comitis
499 3205 531 3234 de
558 3210 649 3243 Arag.

186 3247 215 3274 S.
239 3246 350 3274 Domini
367 3247 477 3274 Comitis
497 3245 637 3282 Ergadiae.

188 3285 218 3312 S.
245 3285 355 3311 Comitis
381 3283 413 3311 de
440 3281 517 3312 Erol.

185 3323 215 3351 S.
240 3319 366 3350 Gulielmi
389 3321 421 3350 de
439 3320 547 3350 Corbur.

192 3399 220 3426 S.
246 3400 352 3427 Comitis
379 3396 411 3427 de
435 3397 552 3435 Caftllis.

193 3438 223 3465 S.
248 3438 361 3466 Domini
379 3440 491 3466 Comitis
509 3437 542 3466 de
567 3434 690 3476 Glencoy.

191 3514 210 3541 S

192 3667 211 3693 S

191 3854 210 3880 S

191 3890 210 3918 S

214 3534 220 3541 .
237 3510 359 3542 Abbatis
376 3513 408 3543 de
426 3513 538 3545 Melrot.

194 3590 222 3617 S.
245 3590 356 3617 Domini
377 3589 408 3618 de
425 3589 550 3631 Flemyng
574 3593 734 3621 Camerarii.

218 3649 224 3654 .
250 3624 374 3655 Abbatis
392 3630 465 3656 Mor.

246 3663 370 3693 Abbatis
386 3666 564 3697 Dundranen.

195 3629 214 3654 S

195 3687 222 3731 ε’.
249 3702 372 3731 abbam
395 3702 426 3731 de
449 3703 536 3733 calco.

215 3800 220 3805 .
248 3780 359 3808 Domini
384 3780 560 3817 Praeceptoris
585 3781 617 3810 de
641 3783 807 3821 Torpht'chin.

213 3875 218 3880 .
246 3856 356 3882 Domini
381 3855 413 3884 de
435 3854 563 3884 Maxwil
585 3859 727 3889 Garch'am'.

213 3912 219 3918 .
252 3892 360 3920 Domini
375 3894 406 3921 de
426 3893 573 3922 Borthvik.

194 3930 221 3956 S.
248 3931 357 3971 Domini
379 3932 411 3959 a'e
427 3931 544 3971 Erskyn.

194 3968 221 3994 S.
245 3969 345 3995 Clerici.

193 3779 212 3805 S

193 4006 220 4033 S.
244 4007 355 4035 Domini
374 4008 437 4045 Hay
454 4008 486 4037 de
500 4006 594 4037 Zess’r1-

514 100 1426 153 CONVENTION‘ES,

1494 101 1915 151 LITERAE,

1288 189 1315 216 S.
1339 189 1454 217 Domini
1472 186 1657 227 Cefficrdgard.
2294 190 2369 222 Ann.
2384 189 2425 222 D.

1284 228 1312 254 S.
1336 228 1440 255 Decan.
1459 226 1602 266 Gla-[guen.
2295 237 2355 297 Hetns
2363 238 2409 295 ιζ,

1522 353 1601 386 Dux
1617 353 1762 384 Ferrariae
1777 349 1822 383 ad
1837 353 1956 397 Regem.

1277 434 1438 475 Serenifflme
1453 447 1485 466 ac
1498 436 1676 477 Potentiffime
1690 439 1751 466 Rex
1762 439 1879 467 Domine
1890 439 1928 466 mi
1942 435 2135 477 Colendifflme‚
2151 436 2213 473 ἀι.

1212 515 1381 571 REddidit
1410 517 1482 547 mihi
1505 518 1676 559 Sereniffimae
1699 516 1859 557 Majastatis
1881 516 1980 556 vestre
1999 517 2106 550 Literas
2128 519 2276 550 Dominus
2297 532 2366 565 Α11η
2384 533 2428 564 D⁴

1281 553 1428 594 Johannes
1446 559 1544 587 Petrus
1557 558 1617 596 ejus
1635 557 1788 588 Familiaris
1807 556 1841 586 &
1860 556 1994 594 Muficus‚
2016 559 2190 596 narravitque
2212 558 2275 588 dili-
2324 582 2337 602 Ι
2364 582 2377 602 ι
2419 555 2430 564 '

1212 600 1309 633 genter
1327 594 1418 624 verbo
1436 603 1516 626 tenus
1534 604 1642 634 quanto
1660 595 1769 626 Amore
1788 594 1844 632 ipsa
1858 594 1992 634 Majestas
2011 606 2048 625 ve
2070 605 2102 624 ra
2119 606 2166 627 me
2182 596 2275 634 prose-
2295 583 2359 640 Α]
2382 581 2410 611 7‘

1214 639 1331 670 quatur,
1345 631 1391 663 vel
1420 636 1598 672 quantopere
1619 634 1691 665 mihi
1713 633 1878 665 benefacere
1900 634 1933 664 &
1956 635 2026 671 grati
2047 635 2105 665 cari
2118 634 2275 673 desyderet,
2298 655 2326 677 H
2345 622 2393 677 '3⁹‘

1213 670 1286 701 adeo
1310 670 1389 708 quod
1407 672 1501 703 eidem
1515 672 1661 713 Majestati
1675 672 1774 712 vestrae
1790 671 1845 702 Me
1857 681 1968 702 tantum
1984 672 2088 703 debere
2104 671 2194 703 sentio
2208 695 2218 711 ‚
2244 678 2275 704 iit
2296 673 2354 716 Ri'ol
2365 673 2430 717 (70,-

1214 708 1301 752 reipsa
1316 709 1451 741 solvendo
1466 722 1524 742 non
1542 713 1612 750 sim,
1627 712 1815 743 certiffimum
1837 711 1907 741 cum
1921 710 1961 741 est
1975 712 2064 741 animi
2081 712 2138 741 mei
2158 711 2276 749 Fidem,
2295 735 2337 754 nm
2350 711 2420 755 {sirm

1214 747 1347 778 Studium
1367 749 1399 780 δεῖ
1419 749 1638 781 Observantiam
1666 759 1733 787 erga
1757 748 1876 788 vestram
1903 749 2080 789 Majestatem
2105 758 2212 781 tantam
2241 760 2275 780 ac
2295 766 2310 792 b
2337 749 2405 804 §fol
2426 752 2431 755 .

1215 786 1300 817 talem
1318 786 1374 817 esse
1390 797 1422 818 ut
1441 798 1456 818 3
1477 789 1560 820 nullis
1580 798 1705 826 unquam
1720 787 1868 819 Beneficiis
1886 788 1970 826 possit
1991 789 2125 827 superari,
2146 789 2222 826 quod
2241 789 2274 820 ὅ(
2302 786 2320 831 ,”
2336 789 2363 835 g'
2413 791 2416 795 ’

1216 825 1265 862 ipli
1289 825 1546 866 Majestativestrae
1566 828 1598 858 &
1620 827 1750 857 universo
1766 826 1843 856 Orbi
1859 827 1919 864 jam
1944 827 2038 864 palam
2065 827 2193 858 fecisiem
2221 827 2271 857 nisi
2315 815 2333 840 4
2359 826 2363 831 '

1216 864 1282 894 Fata
1305 864 1337 894 &
1354 866 1413 895 tam
1431 866 1505 896 vasta
1523 866 1670 897 Locorum
1688 865 1832 896 intervalla
1844 865 1989 904 desyderio
2012 876 2079 897 meo
2094 866 2274 897 obstitiffent.

1252 901 1328 932 Non
1342 902 1452 940 poffem
1474 905 1504 934 in
1525 905 1584 935 hoc
1598 904 1700 934 Verbis
1716 903 1776 934 ullis
1789 902 1935 933 ardentem
1949 904 2050 935 Animi
2065 907 2123 935 mei
2136 906 2278 943 cupidita-

1218 950 1278 971 tem
1295 942 1468 980 exprimere,
1484 942 1530 973 sed
1549 943 1675 980 Unum,
1687 950 1770 981 atque
1792 941 1821 971 id
1841 942 1956 979 quidem
1971 943 2133 974 constanter
2146 968 2156 983 ‚
2181 943 2277 975 dicam

1217 980 1247 1009 in
1266 979 1349 1010 Votis
1364 981 1435 1010 meis
1455 981 1508 1012 Me
1529 981 1599 1011 nihil
1617 982 1753 1020 antiquius
1771 980 1843 1010 nihil
1861 980 1987 1010 omnino
2011 983 2168 1018 expetitum
2189 984 2281 1020 magis

1218 1019 1321 1049 habere
1338 1041 1348 1057 ,
1377 1019 1459 1058 quam
1487 1028 1517 1050 ut
1535 1019 1685 1059 aliquando
1704 1018 1808 1057 poffim
1829 1018 1849 1038 *²
1873 1028 1903 1048 re
1928 1018 1987 1056 ipsa
2007 1019 2155 1058 Maiestati
2179 1020 2279 1060 vestre

1217 1059 1399 1126 csosmigrobari
1413 1080 1422 1096 ‚
1448 1057 1503 1089 Me
1520 1058 1591 1089 illius
1615 1055 1894 1096 obsequentiffimum
1912 1079 1923 1095 ,
1951 1056 2282 1099 observantiffimumque

1217 1106 1233 1126 e
1258 1106 1274 1125 e
1315 1105 1478 1127 ervitorem.

1256 1134 1294 1165 Et
1312 1136 1448 1173 quoniam
1468 1136 1522 1174 ipsa
1543 1145 1594 1174 per
1610 1135 1722 1168 Literas
1736 1137 1770 1168 &
1784 1144 1837 1173 per
1849 1134 1960 1164 eundem
1983 1134 2115 1176 Muficum
2131 1136 2204 1167 mihi
2226 1137 2281 1177 fig-

1218 1172 1344 1204 nificavit
1365 1174 1444 1212 quod
1463 1174 1532 1206 scire
1554 1176 1634 1212 cupit
1660 1184 1695 1204 an
1721 1176 1875 1214 quicquam
1899 1172 1973 1211 apud
1996 1173 2033 1204 Se
2053 1174 2085 1205 sit
2106 1176 2183 1213 quod
2207 1171 2281 1207 mihi

1217 1221 1328 1255 gratum
1348 1213 1404 1243 esse
1422 1222 1521 1252 queat,
1541 1214 1632 1244 visum
1653 1212 1694 1243 est
1717 1213 1788 1243 mihi
1804 1212 1850 1242 res
1865 1213 1974 1243 ondere
1995 1212 2093 1251 quod,
2110 1215 2143 1244 ὃς
2157 1215 2175 1244 fi
2191 1214 2281 1251 pluri-

1218 1261 1266 1282 ma
1288 1254 1339 1281 {int
1361 1252 1435 1290 apud
1459 1252 1578 1283 eandem
1602 1250 1781 1319 Majfessatem
1801 1222 1921 1289 vestram
1942 1261 2006 1290 quae
2030 1253 2126 1283 omnia
2148 1253 2222 1283 mihi
2243 1255 2279 1286 <Sc

1217 1290 1332 1327 poffunt
1354 1292 1387 1321 &
1400 1290 1505 1321 debent
1525 1289 1582 1321 esse
1615 1291 1665 1320 rati
1689 1298 1747 1319 ima
1762 1311 1772 1327 ,
1793 1289 1865 1319 nihil
1884 1297 1981 1320 tamen
1996 1289 2037 1319 est
2053 1291 2132 1327 quod
2149 1292 2279 1328 cupidius

1217 1337 1367 1367 expetam,
1381 1339 1417 1359 ne
1440 1339 1476 1359 ue
1523 1328 1580 1359 uod
1613 1327 1771 1359 ummiffius
1790 1337 1872 1358 orem
1897 1329 1980 1366 quam
2001 1337 2030 1358 ut
2046 1328 2147 1359 Gratia
2168 1339 2202 1360 ac
2225 1330 2278 1361 Be-

1217 1367 1351 1406 nignitate
1366 1368 1411 1398 sua
1467 1378 1482 1398 e
1525 1368 1678 1398 ervitorem
1702 1365 1783 1398 suum
1798 1365 2020 1405 complectatur,
2039 1367 2072 1397 &
2087 1367 2188 1398 Rebus
2209 1370 2278 1400 meis

1217 1405 1311 1436 favere
1332 1416 1365 1436 ac
1387 1406 1574 1444 patrocinari,
1589 1414 1672 1446 atque
1694 1405 1756 1443 ipsis
1775 1413 1806 1435 ut
1820 1404 1872 1435 suis
1887 1406 2004 1442 propriis
2019 1406 2061 1436 uti
2078 1406 2221 1443 dignetur.

1253 1443 1404 1475 Caetertitn
1424 1445 1509 1484 cum,
1532 1446 1603 1475 inter
1618 1444 1755 1475 nonnulla
1775 1443 1826 1474 alia
1840 1467 1849 1481 ,
1880 1444 2019 1481 praedieto
2042 1443 2172 1482 Johanm'
2193 1448 2277 1476 Petro

1216 1483 1399 1514 ostendissem
1416 1493 1502 1514 unam
1525 1482 1681 1522 Cytharam
1705 1483 1763 1520 ejus
1783 1483 1911 1520 genem,
1929 1493 1999 1521 quos
2017 1484 2047 1513 in
2064 1482 2142 1514 Italia
2164 1483 2278 1515 Leucos

1217 1530 1323 1553 vocant
1357 1522 1427 1553 dixit
1440 1521 1491 1553 Ille
1513 1522 1607 1553 statim
1623 1522 1650 1553 se
1664 1522 1778 1552 credere
1792 1531 1857 1553 eam
1872 1521 2021 1561 Majestan
2044 1520 2141 1560 vestrae
2156 1523 2277 1560 placitu—

1216 1570 1292 1591 ram:
1322 1544 1387 1599 ssgo
1401 1564 1473 1592 vero
1488 1561 1616 1602 respondi
1632 1560 1689 1593 Me
1704 1560 1874 1592 crediturum
1888 1560 1961 1592 Eam
1979 1560 2051 1592 mihi
2069 1561 2185 1592 coelitus
2208 1563 2278 1592 mis-

1217 1599 1290 1638 iam,
1313 1599 1333 1631 fi
1355 1598 1501 1640 Majestati
1515 1600 1612 1641 vestrae
1629 1600 1686 1630 hoc
1702 1598 1743 1630 est
1763 1598 1900 1629 Domino
1922 1609 1989 1630 meo
2012 1598 2145 1636 placuerit
2160 1623 2170 1638 ‚
2194 1609 2277 1641 atque

1216 1637 1311 1670 eidem
1330 1638 1460 1678 Johanni
1479 1642 1560 1670 Petro
1583 1638 1683 1669 tradidi
1706 1639 1755 1678 ipsi
1777 1636 1924 1677 Majestati
1946 1636 2044 1678 vestrae
2066 1638 2276 1675 perferendam:

1218 1677 1313 1715 Quae,
1331 1679 1458 1717 quamvis
1471 1677 1671 1717 elegantissime
1683 1676 1835 1708 fabrefacta
1851 1678 1900 1716 iit,
1916 1687 1976 1707 non
1989 1685 2085 1707 tamen
2101 1685 2178 1708 tanto
2193 1677 2278 1708 Prin-

1216 1719 1280 1754 cipe
1296 1716 1380 1755 digna
1398 1716 1476 1747 Mihi
1492 1717 1620 1755 videtur;
1631 1716 1806 1754 proindeque
1823 1725 1895 1757 rogo
1916 1725 1946 1747 ut
1963 1714 2097 1754 Majestas
2111 1715 2205 1754 vestra
2217 1726 2278 1746 non

1219 1755 1347 1786 Muneris
1363 1756 1547 1793 exiguitatem
1562 1755 1607 1785 sed
1623 1756 1758 1786 mittentis
1773 1754 1911 1786 sinceram
1927 1753 2015 1785 fidem
2037 1763 2070 1784 ac
2088 1755 2220 1785 animuin
2235 1756 2281 1786 in·

1215 1803 1332 1833 gentem
1349 1794 1468 1825 hilariter
1480 1794 1615 1831 suscipere
1631 1793 1771 1831 dignetur.

1255 1832 1378 1871 Reliqua
1391 1832 1519 1871 Johanni
1535 1835 1617 1862 Petro
1637 1834 1727 1862 verbo
1750 1839 1830 1862 tenus
1852 1831 1996 1870 Maiestati
2016 1830 2114 1868 vestre
2134 1829 2278 1872 referenda

1216 1871 1342 1909 credidi,
1357 1871 1430 1902 Viro
1446 1870 1507 1901 sane
1522 1872 1569 1915 qui
1592 1880 1651 1900 non
1674 1871 1765 1901 solum
1780 1871 1821 1900 ob
1846 1869 1968 1900 Musicae
1987 1869 2064 1900 Artis
2086 1876 2214 1911 peritiam
2231 1867 2278 1898 sed

1215 1911 1250 1942 &
1266 1920 1319 1948 pro
1335 1910 1403 1940 Fide
1418 1909 1554 1946 Ingenuis
1569 1908 1703 1940 Moribus
1717 1910 1750 1940 &
1764 1909 1794 1939 in
1809 1908 1926 1945 agendis
1943 1907 2043 1938 Rebus
2058 1906 2218 1937 dexteritate
2230 1907 2277 1937 sua

1215 1948 1310 1979 eidem
1326 1948 1472 1988 Maiestate·
1484 1947 1583 2016 vsstm
1599 1956 1738 1978 mereatur
1758 1946 1814 1977 effe
1838 1945 2021 1984 Carisfimus,
2044 1946 2077 1977 ὃς
2099 1944 2194 1975 eidem
2210 1948 2279 1975 Ma-

1214 1986 1309 2027 jestati
1323 1986 1422 2026 vestrae
1439 1986 1492 2017 Me
1518 1986 1665 2027 uppliciter
1680 1984 1866 2016 commendo.

1238 2028 1405 2094 'Ferrsaricffi
1416 2026 1534 2057 decimo
1550 2025 1635 2056 tertio
1649 2024 1804 2064 Oetobris,
1819 2023 1970 2055 millesimo
1987 2021 2211 2062 quingentesimo
2230 2021 2280 2053 de—

1216 2073 1298 2095 cimo
1321 2073 1441 2104 eptimo.

2319 1029 2337 1049 ³*
2347 1027 2434 1059 XIII.

2328 1071 2394 1097 601.

1292 2139 1449 2181 Majestatis
1466 2140 1563 2180 vestre
1578 2129 1806 2182 Christianifflmae
1822 2140 1860 2176 &³
1878 2140 2066 2180 Sereniffimae‚

1796 2221 1998 2259 Humilliffi'mus
2015 2224 2153 2258 Servitor,

1791 2297 2020 2327 ALFoNSUs
2047 2305 2098 2326 DE
2125 2295 2242 2325 ΕΗΒ.-

1489 2421 1637 2457 Marchio
1664 2425 1803 2457 Mantuae
1820 2420 1862 2454 ad
1880 2424 2001 2468 Regem.

1212 2506 1410 2578 SEreniffime
1439 2508 1478 2544 ό·
1501 2508 1680 2548 InviHifflme
1702 2511 1818 2538 Domine⁵
1839 2531 1850 2547 ,
1884 2506 1948 2547 post
1975 2507 2198 2540 Devotiffimam
2220 2508 2278 2539 mei
2298 2498 2373 2531 Ann·
2389 2501 2430 2532 0⁴

1270 2545 1575 2578 Commendationem.
2319 2548 2406 2578 1517,

1249 2584 1387 2615 Reddidit
1411 2587 1483 2615 mihi
1504 2587 1635 2624 proxime
1679 2586 1804 2616 raetei·itis
1825 2585 1923 2616 diebus
1952 2585 2098 2624 Johannes
2121 2589 2221 2616 Petrus
2241 2586 2277 2617 de
2295 2579 2349 2605 ‘⁰¹⁴
2364 2587 2394 2613 9·

1212 2621 1302 2653 Bustis
1322 2623 1427 2653 Literas
1441 2623 1598 2663 Majestatis
1613 2595 1711 2663 ’τιεῖναι
1726 2625 1820 2662 plenas
1831 2624 2006 2655 humanitate
2026 2625 2060 2656 ea
2076 2625 2132 2664 qua
2149 2625 2206 2664 ipsa
2218 2626 2274 2656 im-
2299 2620 2333 2660 H:
2356 2617 2383 2644 3·

1212 2662 1310 2698 primis
1330 2662 1444 2699 praedita
1461 2662 1669 2700 est3idemque
1690 2662 1927 2700 benignissimum
1949 2664 2008 2700 ejus
2031 2663 2187 2695 Nuncium
2203 2664 2276 2695 mihi
2295 2655 2426 2700 B¹bl·00,“

1212 2700 1320 2738 retulit,
1336 2710 1400 2739 quae
1414 2699 1566 2741 Mihi,qui
1581 2702 1668 2732 nichil
1684 2701 1773 2731 carius
1788 2702 1883 2732 habeo
1906 2700 2007 2733 Gratia
2028 2702 2205 2733 sublimitatis
2225 2713 2274 2733 ve-
2294 2700 2347 2721 ‘W’-
2369 2698 2414 2722 γ’·

1213 2737 1294 2776 strae,
1308 2739 1381 2769 adeo
1390 2740 1521 2777 jucunda
1538 2740 1615 2771 fuere
1633 2749 1662 2770 ut
1681 2739 1770 2770 nichil
1784 2739 1940 2778 jucundius
1961 2741 2128 2779 contingere
2149 2740 2274 2778 potuiffe
2295 2731 2348 2759 ‘eu-
2366 2732 2428 2769 ⁶·3·

1212 2776 1352 2816 videatur,
1365 2778 1441 2808 nulla
1454 2780 1532 2809 enirn
1549 2789 1590 2809 res
1604 2778 1676 2809 mihi
1695 2779 1797 2817 majori
1811 2778 1948 2809 desiderio
1962 2777 2119 2816 est‚quam
2134 2787 2165 2808 ut
2182 2778 2271 2809 sciam
2293 2769 2345 2808 fOl·
2365 2769 2425 2805 ¹⁸5-

1212 2815 1344 2845 Studium
1365 2817 1397 2847 &
1416 2815 1587 2848 Servitutem
1614 2826 1708 2848 meam
1731 2825 1795 2856 erga
1814 2816 1892 2847 illam
1913 2816 1965 2846 fibi
1988 2816 2018 2846 in
2041 2817 2181 2847 memoria
2198 2816 2272 2856 esse,

1213 2853 1324 2884 Gratias
1338 2856 1434 2892 itaque
1448 2864 1562 2893 quantas
1576 2855 1688 2895 poffum
1711 2853 1859 2894 Majestati
1877 2853 1975 2894 vestrae
1988 2863 2047 2892 ago
2062 2878 2072 2894 ,
2109 2855 2274 2892 utinamque

1212 2903 1255 2936 eas
1277 2892 1377 2923 referre
1398 2893 1508 2931 postem
1529 2903 1582 2932 pro
1610 2893 1795 2924 Humanitate
1822 2892 2055 2932 Benignitateque
2082 2893 2138 2932 qua
2158 2893 2190 2923 in
2218 2892 2273 2924 Me

1212 2939 1306 2962 utitur.

1250 2969 1357 3000 Filium
1374 2979 1490 3008 meum,
1505 2979 1591 3008 quem
1603 2970 1665 3008 jam
1677 2977 1755 2999 antea
1768 2968 1889 2999 Servitio
1905 2967 2063 3009 Maiestatis
2074 2968 2172 3009 vestrae
2194 2967 2275 3000 dedi-

1213 3009 1295 3047 cavi,
1309 3008 1379 3039 dum
1396 3008 1504 3038 firmior
1519 3007 1582 3046 fiat,
1599 3016 1628 3038 ut
1645 3016 1723 3038 tanto
1738 3006 1835 3037 Itineri
1859 3016 1907 3044 par
1927 3007 1982 3038 effe
2000 3007 2085 3046 possit
2099 3031 2109 3047 ‚
2131 3007 2273 3039 studiosis-

1211 3047 1281 3077 sime
1300 3047 1333 3077 &
1351 3048 1434 3076 omni
1452 3056 1520 3077 cura
1538 3046 1645 3077 institui
1669 3046 1762 3082 facim
1778 3053 1808 3076 ut
1826 3045 1859 3075 &
1880 3045 1982 3076 Literis
2004 3047 2037 3077 &
2058 3046 2201 3084 equitandi
2222 3057 2272 3084 pe-

1211 3086 1274 3128 ritia
1288 3086 1424 3123 bonisque
1445 3084 1581 3116 Moribus
1599 3084 1701 3123 dignus
1716 3084 1772 3114 eise
1792 3083 1877 3122 poffit
1901 3086 1951 3122 qui
1979 3093 2057 3117 tanto
2078 3085 2158 3124 Regi
2180 3084 2273 3116 deser-

1212 3133 1277 3154 viat.
2111 3142 2114 3143 ν

1251 3162 1386 3193 Praeterea
1400 3161 1541 3200 delectos,
1555 3171 1590 3191 ex
1610 3160 1692 3191 omni
1708 3161 1805 3200 Grege
1825 3170 1910 3199 meo,
1932 3161 2030 3200 Equos
2050 3162 2209 3195 domandos
2225 3165 2269 3195 in-

1213 3200 1421 3239 stituendosque
1436 3201 1584 3238 mandavi,
1593 3209 1663 3237 quos
1677 3201 1770 3230 eidem
1786 3199 1931 3240 Majestati
1943 3200 2044 3239 vestrae
2056 3201 2208 3241 destinavi,
2217 3204 2267 3241 qui

1212 3239 1233 3269 si
1251 3239 1307 3277 spei
1324 3242 1357 3271 δε
1375 3239 1572 3277 exspectationi
1598 3248 1670 3268 meae
1690 3238 1912 3276 respondebunt,
1934 3239 2057 3269 minime
2083 3237 2185 3271 cess'uri
2206 3241 2270 3272 sunt

1211 3279 1340 3308 bonitate
1356 3278 1414 3308 aliis
1425 3287 1496 3317 quos
1508 3288 1523 3307 a
1539 3276 1593 3308 Me
1607 3286 1640 3307 ea
1652 3278 1782 3314 accipere
1803 3276 1917 3313 dignata
1929 3277 1979 3307 est.

1202 3318 1207 3322 ”
1250 3315 1363 3347 Referet
1382 3317 1458 3347 idem
1471 3315 1596 3354 Joannes
1612 3317 1708 3344 Petrus
1720 3315 1906 3346 Sublimitatis
1919 3315 2018 3346 vestrae
2035 3315 2188 3348 Familiaris
2203 3327 2267 3354 quae

1213 3355 1240 3384 ei
1259 3354 1415 3385 referrenda
1430 3353 1562 3384 commisi
1578 3353 1614 3384 de
1634 3353 1725 3384 studio
1741 3355 1774 3385 &
1796 3353 1970 3384 observantia
1993 3364 2056 3385 mea
2077 3363 2140 3393 erga
2159 3354 2266 3394 ipsam,

1157 3415 1160 3419 <
1214 3393 1262 3423 cui
1282 3393 1327 3423 illa
1347 3393 1444 3422 Fidem
1457 3399 1552 3436 quam
1573 3391 1651 3421 Mihi
1672 3392 1800 3430 praesenti
1822 3391 1964 3429 praestaret
1985 3393 2116 3423 adhibere
2135 3391 2266 3428 dignabi—

1214 3440 1277 3468 tur3
1291 3431 1339 3461 cui
1357 3430 1411 3461 Me
1429 3440 1582 3469 omniaque
1597 3440 1659 3460 mea
1678 3431 1784 3460 devote
1810 3430 2008 3469 humiliterque
2029 3430 2230 3472 Commendo.

1215 3469 1526 3546 deffggtsseffgidggimo
1544 3469 1665 3507 septimo
1687 3468 1826 3501 OCtobris
1841 3492 1852 3508 ,
1874 3469 2024 3501 milleiimo
2040 3468 2268 3507 quingentelimo

1289 3583 1459 3624 Seremfflmae
1476 3584 1634 3624 Majestatis
1648 3582 1762 3625 vestrae,

1373 3661 1493 3691 Humilis
1507 3665 1630 3692 Servitor
1642 3686 1652 3700 ,

1507 3738 1572 3770 Fit.
1600 3737 1805 3768 MARCHIO
1832 3734 2059 3774 Maurum,
2084 3737 2145 3770 &c.
2163 3740 2270 3771 Sanan

1569 3779 1701 3806 Romane
1716 3773 1839 3813 Ecclefiae
1851 3772 2050 3814 Confalonerut.
