2542 4274
188 121 268 166 196

40 198 115 231 Aim-
129 197 170 229 D·
199 212 297 234 mento
310 199 495 232 Refutatione
508 207 556 230 aut
571 197 811 230 contradictione
827 197 942 235 alicujus
953 195 1085 227 Personae
1106 200 1253 232 quaecum-

52 247 118 286 v152

127 247 149 266 1.

198 253 252 279 quc

49 288 112 305 mvt-
135 276 161 303 S·
192 281 262 321 stne
276 279 460 310 committere
474 279 507 309 &
520 287 666 315 opponere
682 276 747 307 tales
763 274 925 306 Officiarios
948 273 1052 303 Scoros
1067 271 1102 301 ad
1126 269 1260 299 Levatio-

200 329 267 350 nem
283 320 315 349 &
333 318 552 356 perceptionem
568 315 654 346 diotae
669 314 722 345 suae
736 313 900 352 conjunetae
914 309 1119 352 Infeodationis
1133 308 1174 351 ¹&
1192 306 1261 337 Do-

200 359 246 393 tis,
276 366 344 394 quos
367 356 416 386 sibi
442 355 583 386 videbitur
607 354 754 392 expedire3
779 353 828 390 qui
847 348 1016 391 hujusmodi·
1033 353 1189 385 percipient
1205 344 1261 374 sol-

199 404 267 426 vent
286 405 318 425 ac
337 394 418 425 fidele
432 395 466 425 &
480 393 586 432 justum
607 392 790 430 Compotum
810 390 861 420 fibi
876 389 912 419 de
936 386 1071 429 omnibus
1097 394 1163 423 quae
1181 392 1259 426 rece-

199 442 300 471 perunt
318 433 363 464 vel
381 434 517 470 recipient
536 433 565 462 in
584 431 709 462 futurum
730 428 872 465 reddent3
903 427 936 458 ὃς
957 425 1110 462 specialiter
1126 422 1205 466 quod
1225 420 1260 451 li-

201 473 269 502 bere
288 471 423 502 accedere
438 472 471 502 &
491 471 558 502 Nos
577 470 684 500 visitare
701 468 789 498 valeat
808 466 938 504 quotiens
953 461 1163 498 desideraverit,
1190 469 1259 504 eum

201 512 232 540 iii
251 510 379 541 Modum
397 510 430 541 ὃς
450 510 587 540 Formam
607 517 638 539 ut
655 507 690 538 ad
714 506 799 544 Ipsius
824 502 1061 534 Consolationem
1086 499 1259 544 Placentiam

199 549 516 617 &TConfortationem
538 557 570 580 ac
589 545 693 578 Nostri
705 542 921 584 Jocunditatem
945 542 979 573 ὃ(
997 539 1181 571 Securitatem
1199 536 1261 567 fieri

218 599 247 619 Oi
262 596 291 618 lt.

197 598 216 627 P
236 625 367 664 ITEM,
391 624 507 657 durante
531 623 681 661 Tempore
704 620 884 659 praesentium
908 616 1091 657 Treugarurn
1109 615 1142 646 δε
1163 612 1260 658 Absti-

198 666 302 697 nentiae
326 664 501 695 Guerrarum
561 663 630 693 nulli
657 659 788 690 Rebelles
808 656 1010 688 Malefae‘tores
1028 655 1074 685 seu
1098 653 1262 684 Proditores

199 703 260 734 fint‘
279 703 401 741 Recepti
424 711 469 733 aut
494 685 586 731 C'elati
611 701 640 729 in
668 697 772 730 Nostri
790 696 837 728 seu
854 695 926 727 dieti
943 693 1087 726 Cariffirni
1113 691 1261 723 Avunculi

199 742 291 772 nostri
318 742 442 780 Regnis,
469 739 583 778 Patriis,
607 737 722 775 Terris,
747 745 797 767 aut
822 734 988 772 Dominiis,
1012 742 1064 763 nec
1083 740 1131 769 per
1147 729 1259 760 nostros

200 790 246 812 aut
264 781 325 811 suos
344 779 476 810 Subditos
496 778 544 814 sup
566 784 694 808 ortentur
711 783 757 805 aut
772 774 918 805 faveantur
954 781 1044 810 neque
1062 769 1175 810 aliquod
1198 768 1259 799 Au-

199 819 297 850 xilium
325 818 417 848 Favor
440 826 495 847 nec
550 815 705 845 onfortatio
732 813 782 843 sibi
808 812 903 851 aliquo
924 795 1020 841 Modo
1039 808 1230 839 Conferantur
1250 816 1257 835 t

198 857 255 892 Et,
274 859 304 888 in
322 857 385 887 casu
406 864 463 894 quo
479 854 550 885 dieti
570 852 701 884 Rebelles
720 850 920 882 Malefaetores
936 859 984 880 aut
1009 847 1173 890 Proditores
1196 846 1259 883 sup-

198 897 319 934 portati,
345 894 470 932 traCtati,
495 893 618 929 detenti,
632 891 734 930 celati,
758 890 896 927 auxiliati,
921 888 965 919 seu
981 887 1050 918 fauti
1067 886 1190 923 fuerint,
1209 893 1258 922 per

196 934 305 974 aliquos
322 932 392 971 dieti
410 931 551 962 Carissimi
570 929 712 962 Aviinculi
733 928 835 959 Nostri
852 937 900 958 aut
917 925 1005 957 nostri
1023 924 1257 962 Subditos,con-

197 982 239 1004 tra
257 970 476 1002 Continentiam
495 971 528 1001 &
545 969 694 1000 Tenorem
721 967 863 1005 praesentis
889 965 1026 1002 Articuli,
1051 963 1259 1000 Attemptantes

194 1010 239 1043 seu
256 1010 388 1041 facientes
407 1009 478 1040 dieti
497 1007 627 1039 Rebelles
643 1008 676 1040 ὃς
696 1005 894 1036 malefactores
913 1002 1121 1034 Reddentur&
1140 1001 1256 1031 Remit-

195 1055 289 1080 tentur
308 1048 342 1078 ad
361 1047 463 1079 Nostri
483 1048 528 1078 seu
555 1045 700 1077 Cariffimi
726 1043 871 1075 Avunculi
896 1042 985 1073 nostri
1004 1040 1133 1079 praediCti
1151 1039 1258 1070 Manus

195 1088 297 1126 quibus
320 1086 433 1117 Subditi
456 1086 533 1125 sunt,
559 1084 594 1116 Et
618 1085 666 1123 qui
690 1083 853 1123 praesentem
879 1080 1042 1112 Articulum
1068 1078 1257 1116 infregerint,

194 1125 284 1158 taliter
303 1126 453 1164 punientur
473 1124 553 1163 quod
568 1124 703 1155 omnibus
720 1123 778 1153 aliis
796 1120 875 1152 cedat
893 1121 921 1150 in
941 1118 1176 1156 Exempium‚&
1189 1126 1258 1160 eum

193 1166 223 1196 in
243 1162 390 1196 Effectum
406 1173 437 1195 ut
455 1163 541 1195 diecae
557 1163 682 1201 Treugae
699 1161 732 1192 ὃς
750 1159 924 1190 Guerrarum
949 1156 1138 1189 Abstinentiae
1160 1156 1259 1187 melius

192 1202 376 1234 observentur
392 1202 426 1233 &
445 1202 644 1233 custodiantur.

234 1241 309 1272 ITE
320 1250 367 1280 M,
394 1241 488 1279 quoad
507 1239 609 1271 nostrae
630 1238 760 1270 Personae
778 1236 904 1267 securam
922 1234 1094 1266 Custodiam
1105 1256 1115 1272 ,
1140 1233 1198 1264 hoc
1215 1242 1258 1277 re3

199 1281 326 1311 manebit
344 1280 378 1311 ad
399 1279 516 1311 Avisuin
534 1279 567 1309 &
587 1278 784 1308 Provisionem
803 1276 1004 1306 Dominorum
1023 1273 1107 1303 nostri
1127 1271 1257 1303 Concilii

197 1319 231 1349 &
251 1318 298 1349 Re
318 1320 347 1349 ni
361 1318 508 1355 statuum,
524 1317 604 1355 quod
617 1317 665 1354 ipsi
682 1315 746 1345 inde
760 1314 925 1355 provideant
939 1313 975 1343 de
990 1312 1087 1343 talibus
1102 1311 1257 1341 honorabi-

196 1357 270 1387 libus
312 1357 415 1388 erfonis
439 1366 501 1394 quae
515 1355 576 1387 sunt
591 1355 689 1386 Nobis
700 1353 789 1392 Justae
803 1352 913 1382 Fideles
931 1350 1057 1382 Confisae
1080 1351 1114 1382 &
1136 1349 1257 1379 minime

194 1395 463 1464 ἕωῗρεὲἔεεέεεοωπι
479 1393 590 1426 Oculos
604 1394 638 1425 &
653 1392 791 1432 Aspecrus
806 1391 841 1422 ad
860 1390 1045 1421 Securitatem
1067 1387 1171 1419 nostrae
1187 1387 1256 1418 Per-

205 1443 269 1464 onae
306 1445 321 1464 a
359 1442 429 1464 ntes.

235 1473 274 1503 [Τ
286 1482 303 1503 E
314 1481 358 1511 M,
376 1471 456 1511 quod
472 1471 560 1509 Nos,
579 1479 613 1501 ex
630 1468 817 1501 Avisamento
846 1467 1065 1498 Deliberatione
1086 1466 1119 1497 &
1137 1462 1256 1496 Affensu

192 1510 300 1541 Trium
325 1511 425 1548 Regni
445 1510 533 1541 nostri
554 1509 681 1540 Statutim
718 1508 789 1538 infra
803 1507 913 1538 dietum
928 1506 1060 1544 Tempus
1081 1505 1115 1535 &
1138 1503 1256 1534 Termi-

193 1560 264 1593 iiiim
281 1549 488 1580 purificationis
501 1548 669 1579 Beatiffimae
685 1532 812 1584 Virginis
834 1545 935 1576 Mariae
956 1545 1091 1582 proximo
1112 1543 1256 1579 futurum,

194 1598 340 1619 mittemus
356 1590 387 1620 &
403 1587 602 1619 destinabimus
617 1586 735 1624 praefato
749 1584 904 1616 Carissimo
920 1582 1074 1614 Avunculo
1089 1581 1185 1612 nostro
1201 1583 1255 1609 Re-

42 1625 58 1641 *
82 1625 154 1651 XIII
181 1630 211 1664 gi
228 1627 340 1664 Aogliae
348 1626 547 1657 honorabilem
559 1624 762 1656 Ambaffiatam
772 1647 781 1661 ,
795 1623 966 1653 sufficienter
975 1621 1179 1652 aurftorizatam
1189 1619 1207 1638 ³*
1217 1618 1252 1649 ad

67 1673 117 1698 747

195 1666 368 1704 capiendum
385 1667 418 1698 ὃ(
433 1663 663 1696 concludendum
679 1664 784 1693 bonam
799 1661 905 1692 Pacem
920 1662 993 1690 inter
1016 1661 1077 1690 Nos
1093 1660 1127 1690 ὃς
1149 1659 1256 1696 Ipsum,

194 1715 227 1734 ac
245 1704 331 1735 nostri
347 1706 378 1735 ὃ(
394 1705 433 1734 sui
449 1703 568 1742 Regna,
587 1700 710 1740 patrias,
731 1701 851 1738 Terras,
871 1699 1030 1738 Dominia,
1047 1699 1081 1730 &
1102 1697 1256 1735 Subditos,

195 1744 252 1773 line
274 1743 398 1773 ulteriori
415 1742 652 1780 Respectuatione
665 1740 710 1771 seu
728 1739 890 1777 Dilatione3

233 1781 271 1812 Et
291 1791 362 1820 quos
383 1791 482 1811 omnes
501 1780 663 1816 Articulos,
681 1780 710 1808 in
723 1778 849 1816 respeCffl
864 1778 897 1808 δε
913 1775 1155 1813 contemplatione
1180 1773 1256 1804 Prae-

197 1821 365 1858 miliorum,
384 1820 594 1857 acceptavimus
608 1819 641 1849 &
654 1817 871 1848 accordavimus
882 1839 892 1855 ,
910 1826 943 1847 ac
966 1825 1015 1854 per
1034 1814 1186 1846 Praesentes
1207 1822 1256 1842 ac-

194 1867 340 1896 ceptamus
353 1860 387 1889 &
401 1858 630 1889 concordamus:

234 1897 351 1927 Proviso
376 1896 483 1934 semper
500 1896 580 1934 quod
601 1894 698 1926 noster
713 1893 879 1924 Carissimus
899 1891 1131 1929 Consanguineus
1144 1891 1177 1921 ὃ(
1190 1888 1255 1919 Tu-

196 1943 243 1965 tor
259 1935 405 1974 Johannes
419 1938 487 1964 Dux
506 1934 640 1964 Albaniae
655 1933 715 1967 &a
733 1932 774 1963 est
790 1934 822 1964 δε
836 1932 889 1962 erit
904 1929 1138 1968 Comprehensus
1153 1928 1187 1958 de
1202 1937 1257 1957 no-

196 1973 249 2004 stra
267 1975 348 2005 Parte
362 1976 390 2004 in
407 1975 457 2004 hiis
473 1974 598 2010 Treugis
613 1974 646 2004 δε
662 1972 838 2002 Guerrarum
860 1969 1060 2006 Abstinentiis,
1078 1969 1111 2000 &
1136 1965 1255 2005 pacifice

195 2013 330 2052 gaudebit
344 2012 484 2043 Beneficio
501 2011 661 2043 earumdem
671 2033 680 2049 ,
699 2010 762 2048 quia
777 2011 805 2040 in
814 2009 873 2039 aliis
882 2008 1024 2047 Treugis,
1042 2007 1183 2046 prioribus
1192 2005 1256 2043 hiis,

195 2051 411 2089 comprehensus
427 2051 560 2089 habetur,

232 2090 432 2121 promittentes
457 2091 485 2119 in
504 2088 600 2119 Verbo
618 2087 712 2127 Regio
732 2085 886 2124 nostrisque
901 2084 979 2116 bona.
1004 2083 1071 2115 Fide
1085 2084 1119 2115 &
1133 2082 1258 2113 Honore

194 2128 357 2166 hujusmodi
379 2128 526 2158 observare
541 2129 573 2158 ὅ(
588 2128 673 2165 quam
689 2126 883 2164 aggreabiliter
903 2125 1006 2154 habere
1027 2122 1144 2153 durante
1162 2121 1193 2152 T
1195 2131 1257 2151 em-

196 2177 267 2205 pore
293 2167 492 2204 praedietarum
516 2166 698 2202 Treugarum
722 2166 755 2196 ὃ(
776 2163 966 2195 Abstinentiae
982 2161 1175 2198 Guerrarum,
1194 2169 1258 2198 quae

196 2207 336 2243 incipient
353 2205 411 2236 Die
427 2205 509 2235 Darae
525 2205 724 2241 praesentium,
742 2205 776 2235 ὅτ
792 2203 922 2234 finientur
945 2202 979 2232 ad
999 2200 1111 2230 dictum
1137 2198 1254 2230 Festum

190 2244 397 2288 Purificationis
410 2243 500 2274 Beatae
516 2242 620 2274 Mariae
637 2242 762 2280 Virginis
776 2243 912 2281 proximo
935 2239 1066 2270 futurum
1087 2247 1119 2269 ut
1146 2237 1253 2276 praedi-

194 2293 285 2321 citur,

230 2320 268 2352 Et
283 2331 350 2360 quas
362 2320 491 2358 Treugas
504 2321 537 2352 &
554 2320 731 2351 Guerrarum
746 2318 952 2355 Abstinentias,
971 2326 1040 2347 cum
1060 2315 1204 2356 omnibus·
1220 2315 1254 2345 &

191 2358 301 2398 singulis
318 2360 433 2390 Punffls
447 2359 479 2390 &
496 2359 628 2390 Articulis
642 2360 672 2388 in
687 2358 866 2396 praesentibus
884 2356 982 2387 Literis
997 2354 1100 2385 nostris
1111 2353 1256 2391 specinca-

192 2399 226 2428 tis
240 2399 272 2428 &
285 2398 441 2435 declaratis,
460 2397 685 2428 Observabimus
701 2406 734 2426 ac
750 2396 948 2425 inviolabiliter
972 2403 1021 2430 per
1043 2392 1174 2422 nostrum
1195 2390 1255 2420 Re—

196 2446 307 2474 gnum,
334 2435 456 2472 Patrias,
478 2436 595 2473 Terras,
621 2435 775 2471 Dominia,
802 2434 835 2462 &
858 2432 1010 2468 Subditos,
1038 2430 1154 2460 durante
1175 2428 1255 2458 dieto

198 2475 366 2512 Tempore,
391 2474 529 2504 observari
549 2473 582 2503 &
606 2471 739 2503 custodiri
768 2471 920 2508 iaciemus,
947 2478 1001 2499 nec
1021 2470 1051 2499 in
1080 2468 1256 2499 contrarium

196 2513 408 2554 quoquomodo
425 2512 616 2542 deveniemus.

231 2590 264 2620 In
284 2591 363 2628 cujus
381 2590 421 2619 rei
440 2587 659 2620 Testimonium
679 2586 825 2627 Magnum
840 2585 970 2626 Sigillum
985 2585 1116 2617 nostrum
1135 2584 1256 2623 praesen-

189 2630 263 2660 tibus
280 2630 385 2666 apponi
401 2627 530 2658 fecimus.

232 2709 341 2740 Datum
355 2708 429 2746 apud
442 2708 573 2776 Ogidum
588 2705 704 2744 nostrum
719 2708 750 2736 de
765 2706 932 2745 Striviling,
949 2705 1094 2737 Vicesirno
1102 2683 1149 2737 die
1166 2705 1256 2736 Men-

190 2748 222 2779 sis
243 2746 334 2785 Maii,
353 2748 441 2791 Anno
491 2747 582 2790 omini
603 2745 760 2776 Millesimo
780 2745 1015 2786 Quingentesimo
1035 2745 1182 2776 vicesimo
1196 2745 1255 2783 pri-

196 2797 264 2824 mo,
290 2786 390 2824 Regni
409 2787 478 2817 vero
496 2785 584 2815 nostri
605 2784 731 2815 Octavo.

233 2862 293 2931 SuZ
307 2862 398 2931 Sssgilla
427 2865 531 2902 Magno
554 2865 629 2892 Cerae
650 2860 721 2891 albae
744 2873 762 2890 a
777 2860 884 2900 fimplici
901 2860 988 2890 cauda
1000 2863 1170 2899 Pergamcnae
1189 2869 1256 2899 pen-

291 2912 322 2930 ΒΗ
339 2913 361 2931 e·

395 3042 444 3073 De
467 3039 656 3084 Restitutione
678 3041 897 3087 Temporalium
919 3041 1056 3075 Lincoln.

52 3128 126 3158 Ann.
139 3127 178 3157 Dv
206 3127 261 3180 R
274 3124 338 3156 EX
358 3124 499 3155 Escaetori
517 3126 567 3156 suo
585 3127 614 3156 in
635 3125 826 3157 Comitatibus
845 3126 1005 3157 Bedfordiae
1031 3127 1064 3158 ὃς
1091 3127 1181 3166 Buks,
1208 3126 1258 3157 Sa-

74 3176 155 3203 1521.

54 3210 162 3241 A7,.13.

68 3256 74 3262 <
99 3244 114 3265 s

54 3257 167 3313 isit-'iz
199 3282 286 3321 oltinsi
316 3279 435 3319 Episcopi
462 3279 584 3317 ejusdem
614 3279 768 3317 Ecclefiae,
800 3279 952 3311 Personam
981 3281 1091 3312 Dileeti
1120 3284 1205 3312 nobis
1226 3283 1256 3311 in

56 3323 92 3346 H.
114 3320 129 3344 S
159 3325 184 3354 p.
199 3319 316 3364 Qhristo
339 3318 482 3360 Johargrzis
508 3317 671 3355 Longlond,
698 3318 817 3357 ejusdem
846 3319 980 3349 Eccleiiae
1007 3318 1100 3350 Eiecti
1126 3322 1155 3351 in
1175 3321 1257 3358 ipsius

60 3358 338 3388 i.m.16.Eccle11ae
363 3357 536 3395 Episcopum
563 3356 721 3395 praefecerit
745 3357 777 3387 &
806 3357 969 3395 Pastorem,
995 3357 1064 3388 sicut
1083 3368 1132 3396 per
1153 3359 1258 3389 Literas

283 3166 381 3195 lutem.

239 3203 320 3234 Cum
336 3202 480 3246 Dominus
494 3205 614 3244 Sumnius
629 3202 759 3241 Pontifex
769 3225 779 3241 ,
797 3214 885 3241 nuper
900 3212 1018 3234 vacante
1034 3204 1107 3234 Sede
1122 3203 1256 3235 Ecclesiae

201 3242 377 3273 Cathedralis
392 3241 597 3271 Lincolniensis
612 3251 659 3278 per
684 3241 813 3272 Mortem
830 3244 916 3273 bonae
938 3243 1091 3273 Memoriae
1114 3243 1257 3274 Wiliielmi

204 3397 317 3441 bullatas
343 3396 424 3433 iplius
449 3394 573 3426 Domini
595 3398 696 3425 Summi
724 3395 877 3435 Pvuhsrcis,
910 3395 1010 3427 Nobis
1032 3397 1099 3427 inde
1124 3397 1258 3435 dlreCiaQ

204 3435 308 3502 bic-§3358
322 3434 450 3472 constat,

244 3509 300 3555 Pro
315 3494 348 3540 eo
365 3509 440 3547 quod
456 3509 524 3539 idem
538 3509 664 3540 Eleb‘t‘um
677 3509 813 3540 omnibus
836 3511 868 3540 ὃς
889 3510 1003 3549 singulis
1023 3511 1144 3549 Verbis,
1161 3511 1260 3541 Nobis

207 3550 241 3580 &
256 3548 382 3578 Loronae
398 3548 499 3590 nostrae
515 3549 773 3587 PraejudicialibuS,
793 3550 822 3578 iri
838 3549 922 3580 dietis
944 3551 1046 3580 Literis
1065 3551 1174 3581 bullatis
1187 3560 1261 3579 con-

207 3589 305 3624 tentis,
323 3595 421 3628 coram
436 3587 530 3616 Nobis
543 3589 635 3625 palam
651 3588 685 3618 &
700 3587 824 3625 expresse
840 3590 1017 3620 renunciavit
1023 3590 1073 3627 ,&
1090 3588 1197 3620 Gratiae
1206 3598 1260 3618 no-

209 3627 273 3656 strae
287 3624 429 3654 humiliter
442 3626 468 3652 se
483 3625 623 3663 submisit,

214 3704 218 3709 ι
233 3664 428 3710 'fidelitatem
442 3663 517 3705 ipsius
532 3664 651 3708 Episropi
666 3663 806 3702 Cepimus
827 3665 859 3695 &
875 3664 1063 3702 Temporalia
1081 3663 1263 3704 Episcopatus

212 3703 282 3732 iliius
297 3710 381 3738 prout
396 3709 482 3742 moris
494 3701 533 3729 est
548 3703 717 3733 restituimus
731 3703 824 3733 eidem
834 3726 844 3740 ,

234 3779 238 3782 .
252 3741 286 3770 ht
310 3740 375 3769 ideo
397 3738 472 3780 Tibi
485 3738 668 3784 praecipimus
683 3742 764 3780 quod
786 3743 870 3771 eidem
884 3740 978 3771 Εἰεέῖο
993 3741 1174 3782 Temporalia
1189 3751 1262 3780 prae-

212 3778 302 3819 dieta,
320 3787 389 3807 cum
405 3785 591 3823 F?¹.F¹¹¹S¹¹U15>
608 3789 636 3807 in
652 3779 753 3810 Balliva
774 3789 836 3819 tua,
851 3781 909 3810 line
929 3780 1080 3819 dilatione,
1098 3782 1212 3811 Liberes
1230 3782 1260 3811 in

212 3825 311 3858 iorni-,t
324 3815 476 3852 pixedictQ
494 3814 568 3843 ialvo
581 3819 592 3852 ‚l
600 3827 647 3846 ure
661 3819 814 3856 cujussibet.

246 3854 333 3884 Telte
350 3854 432 3892 Rege
445 3853 517 3891 apud
530 3853 804 3896 Westmonasterium,
822 3857 961 3888 vicesimo
975 3857 1052 3889 {exto
1068 3858 1114 3889 die
1129 3857 1217 3896 Junii.

761 3936 812 3964 Per
829 3938 922 3965 Breve
939 3935 971 3965 de
989 3937 1110 3966 Privato
1127 3934 1225 3973 sigillo.

568 97 1493 154 CONVENTIONES,

1570 95 1999 148 LITERAE,

1537 263 1614 294 dksta
1627 264 1661 295 δε
1674 263 1728 294 sub
1743 262 1844 294 eadem
1859 262 1935 295 Data
1947 273 1958 300 3
1972 262 2113 295 videlicet.

1334 338 1477 378 Efiaetori
1494 343 1572 377 Regis
1588 343 1619 370 in
1636 343 1710 370 Com.
1728 338 1867 379 Notyngh.

1333 378 1474 416 Escaetori
1491 381 1569 419 Regis
1586 382 1615 408 in
1633 383 1706 409 Com.
1724 377 1821 418 Hertf.

1334 415 1475 455 Escaetorr'
1491 420 1570 455 Regis
1587 420 1616 447 in
1636 421 1709 447 Com.
1730 416 1856 447 Lincoln.

1333 453 1476 494 Efiaetori
1491 458 1569 494 Regis
1583 459 1613 486 in
1630 459 1702 487 Com.
1718 456 1806 486 Rotel.

1333 494 1473 532 Esc'aetori
1485 494 1536 533 βο
1553 497 1582 524 in
1601 498 1674 526 Com.
1693 494 1822 524 eantebr.
1840 490 1878 528 ὀ·
1894 495 1988 524 Hunt.

1332 530 1472 571 Eftaetori
1478 535 1529 572 suo
1546 535 1575 562 in
1592 537 1664 563 Com.
1680 536 1761 572 Leyc.

1333 571 1473 609 Escaetori
1483 569 1534 611 fixo
1550 574 1580 601 in
1595 575 1667 601 Com.
1687 570 1792 601 North.

1334 607 1474 647 Efiaetori
1490 613 1570 648 Regis
1584 613 1614 640 in
1632 614 1705 640 Com.
1725 613 1816 640 Oxon.

1333 647 1443 678 Ddeelo
1460 647 1499 683 ᾤ’
1514 647 1601 679 Fideli
1617 652 1695 685 Regis
1708 647 1835 687 Johanni
1851 647 1956 687 Bruges
1973 646 2064 679 Mliti
2091 645 2198 686 Major-1·
2221 649 2357 680 Civitati:

1362 687 1421 725 suae
1436 688 1585 718 Londoniae
1600 698 1632 718 ac
1653 687 1791 728 Efiaetori
1820 697 1852 716 uo
1872 689 1900 716 in
1917 686 2009 716 eadem
2024 690 2157 717 Civitate.
2248 683 2250 687 ’

1335 725 1504 794 1)ῖέἑῖοέόὶ
1519 728 1628 765 Majori
1642 729 1777 757 civitatir
1804 736 1846 756 uae
1869 724 1995 756 Lincoln.
2008 736 2040 756 ac
2055 723 2199 766 Efiaetort’
2205 723 2257 766 suo
2269 729 2299 756 in
2309 736 2359 757 ea-

1392 775 1431 794 em
1469 767 1580 795 ivitate.

1325 839 1371 884 „Et
1392 841 1565 873 Mandatum
1589 841 1631 873 est
1654 840 1817 880 Militibus,
1842 841 1936 872 liberis
1957 841 2151 880 Hominibus,
2169 842 2202 873 &
2223 839 2360 870 omnibus

1295 878 1354 909 aliis
1373 879 1557 924 Tenentibus
1577 880 1614 910 de
1635 879 1810 921 Episcopatu
1834 880 1974 918 praedidto
1998 881 2077 918 quod
2096 881 2190 911 eidem
2206 878 2302 909 Eleao
2324 879 2358 908 in

1296 919 1433 948 omnibus
1447 929 1511 962 quae
1525 918 1559 949 ad
1575 917 1778 957 Episcopatum
1801 918 1972 957 praedictum
1999 920 2159 958 pertinent,
2177 918 2358 950 Intendentes

1296 956 1347 987 sint
1359 957 1394 988 &
1407 956 1621 998 Reipondentes
1634 958 1665 988 in
1681 958 1835 996 omnibus,
1850 964 1934 996 prout
1951 956 2043 988 decet.

1331 1032 1366 1063 In
1382 1033 1478 1073 cujus,
1495 1035 1557 1066 &c.

1333 1109 1423 1142 Teste
1438 1119 1468 1142 ut
1485 1111 1577 1159 supra,

1577 1160 1586 1184 i

1295 1254 1318 1276 *
1332 1256 1380 1288 De
1397 1256 1556 1302 *Querelisd
1584 1259 1661 1288 inter
1682 1259 1772 1302 Reges
1796 1257 1980 1288 Francorum
1996 1257 2033 1293 ὠ·
2057 1253 2202 1299 Castellae,
2227 1256 2273 1290 ad
2287 1259 2357 1291 Ar-

1505 1319 1515 1325 2
1564 1302 1692 1337 bitrium
1719 1307 1830 1350 Regis,
1859 1301 2080 1337 firminandis.

1294 1389 1494 1445 FRancifius,
1509 1389 1569 1421 Dei
1591 1389 1710 1428 Gratia,
1724 1393 1887 1420 Francorum
1907 1388 1997 1428 Rex,
2019 1388 2171 1420 Mediolani
2193 1388 2271 1422 Dux
2283 1415 2294 1431 ,
2317 1391 2356 1428 ὠ·

1353 1433 1454 1460 Genuae
1472 1428 1632 1460 DoMtNus
1654 1428 1787 1460 universis
1814 1428 1846 1459 ὃς
1870 1427 1998 1466 singulm
2021 1428 2169 1467 praesentes
2187 1428 2293 1462 Literas
2312 1432 2355 1463 in-

1295 1468 1444 1507 speeturis,
1464 1469 1571 1498 Notum
1579 1467 1620 1508 fit
1633 1466 1671 1502 ὠ·
1688 1465 1867 1506 Manifestum
1883 1465 1980 1504 quod,

1331 1507 1414 1539 Cum
1436 1507 1565 1538 nonnulli
1585 1506 1735 1537 Tractatus
1755 1506 1836 1536 Pacis
1865 1505 2010 1535 Amicitiae
2036 1506 2070 1537 &
2093 1504 2356 1541 Confoederationis

1288 1546 1464 1585 jampridem
1479 1546 1582 1576 fuerint
1595 1546 1659 1575 initi
1673 1546 1705 1577 &
1722 1544 1840 1583 percuffi
1855 1545 1927 1574 inter
1942 1545 2003 1573 Nos
2018 1553 2053 1574 ex
2077 1554 2131 1575 una
2153 1544 2235 1576 Parte
2256 1547 2291 1577 δε
2313 1547 2354 1578 Il-

1294 1585 1487 1616 lustriffimum
1502 1585 1669 1622 Principem
1683 1583 1808 1614 Carolum
1823 1581 1944 1621 Castellae
1961 1586 2056 1621 Regem
2078 1582 2204 1614 Fratrem
2218 1584 2252 1616 &
2267 1585 2354 1618 Con-

1292 1623 1455 1662 fanguinem
1470 1622 1600 1653 nostrum
1615 1622 1706 1653 exalia
1716 1645 1726 1660 ,

1293 1702 1311 1733 s
1332 1663 1396 1707 Qui
1407 1662 1567 1732 fTratfftatus
1585 1662 1615 1692 in
1629 1660 1753 1700 pluribus
1765 1669 1867 1691 eorum
1883 1659 2034 1697 Capitibus
2053 1660 2174 1692 minime
2189 1662 2227 1693 ab
2241 1661 2287 1694 Eo
2302 1665 2358 1695 ob-

1307 1712 1392 1733 ervari
1422 1709 1530 1738 nerim,

1335 1740 1471 1779 Nosque,
1488 1740 1540 1770 illis
1555 1749 1615 1769 non
1630 1737 1824 1776 obstantibus,
1842 1737 1976 1774 Script0‚
2001 1736 2125 1776 deinde,
2144 1737 2234 1769 Facto
2254 1740 2349 1772 &Ar-

1294 1780 1362 1816 mis,
1380 1779 1483 1809 Patrias
1504 1777 1609 1807 nostras
1628 1778 1662 1808 ὃς
1675 1777 1779 1807 Terras
1800 1775 1934 1806 hostiliter
1957 1775 2172 1814 Discurrendo,
2191 1778 2357 1819 Arcemque

1292 1818 1328 1847 de
1353 1817 1552 1847 Meffancourt
1575 1817 1651 1853 (quse
1675 1815 1711 1845 de
1734 1814 1832 1844 Feudo
1854 1813 1952 1844 nostro
1973 1817 2118 1850 movetur)
2137 1815 2307 1847 Obsidendo
2320 1818 2356 1848 &

1292 1856 1364 1886 Solo
1379 1865 1457 1887 tenus
1471 1853 1625 1893 AEquando
1656 1853 1853 1891 propulsaverit
1866 1862 1899 1882 ac
1913 1854 2132 1891 provocaverit,
2150 1863 2211 1884 non
2225 1854 2282 1885 sine
2296 1864 2360 1894 gra-

1291 1897 1321 1927 vi
1331 1894 1444 1925 Rerum
1457 1892 1612 1923 nostrarum
1642 1892 1754 1930 adtura,

1331 1934 1528 1972 Quapropter,
1547 1940 1601 1968 pro
1613 1931 1754 1961 Tuitione
1770 1927 1987 1960 &Deienfione
2002 1927 2096 1968 Regni
2112 1931 2201 1961 nostri
2210 1931 2356 1964 statuum-

1292 1982 1347 2011 que
1362 1971 1544 2007 nostrorum,
1562 1968 1675 2009 impulsi
1690 1968 1794 1999 fuimus
1808 1977 1878 1998 cum
1895 1969 2028 1998 maximis
2041 1969 2185 1999 Oneribus
2200 1970 2233 2001 &
2243 1970 2358 2008 Expen-

1292 2013 1325 2042 sis
1338 2010 1522 2041 Excercitum
1535 2018 1596 2038 non
1617 2006 1768 2038 modicum
1787 2016 1970 2045 comparare,
1988 2016 2049 2036 non
2073 2015 2169 2037 tamen
2191 2008 2250 2038 fine
2271 2010 2354 2046 gravi

1293 2049 1395 2081 Animi
1411 2047 1501 2079 nostri
1518 2045 1665 2084 molestia,

1332 2088 1425 2126 Quod
1437 2088 1547 2117 intuens
1563 2083 1761 2115 Illustrisfimus
1774 2086 1835 2114 Rex
1851 2082 1965 2122 Angliae
1987 2081 2152 2114 Cariffimus
2176 2083 2357 2127 Consangui.

1293 2137 1362 2158 neus
1378 2127 1412 2157 &
1428 2126 1521 2156 Frater
1535 2123 1649 2162 noster,
1669 2122 1752 2153 Pacis
1771 2122 1888 2154 Zelator
1902 2126 1935 2153 ὅ(
1950 2121 2092 2152 Mediator
2102 2145 2112 2160 ,
2125 2130 2259 2161 tanquam
2270 2136 2357 2157 com..

1295 2167 1389 2196 munis
1404 2162 1630 2195 Confoederatus
1646 2163 1679 2193 &
1693 2162 1814 2192 Amicus
1849 2160 1918 2191 Nos
1932 2161 2036 2191 crebro
2047 2183 2057 2198 ,
2074 2170 2135 2191 non
2151 2163 2243 2193 modo
2254 2163 2356 2196 Literis

1292 2203 1543 2241 affectuoliffiinis,
1567 2201 1614 2232 led
1628 2202 1715 2231 etiarn
1730 2209 1780 2238 per
1802 2184 1937 2230 &ratores
1949 2198 2027 2237 suos,
2045 2199 2079 2230 ad
2101 2199 2207 2231 Pacem
2221 2202 2255 2232 &
2270 2203 2355 2234 Ami-

1293 2244 1391 2274 citiam
1409 2241 1561 2273 ineundam
1575 2249 1644 2271 cum
1661 2239 1741 2270 dicito
1764 2237 1885 2278 Castellae
1899 2240 1986 2276 Rege,
2003 2238 2117 2275 strepitu
2137 2238 2300 2271 Armorum
2320 2243 2356 2273 &

1292 2282 1377 2312 omni
1392 2280 1471 2311 Bello
1487 2279 1662 2317 postpositis,
1681 2277 1807 2306 hortatus
1821 2276 1922 2313 fuerit,

1330 2319 1399 2350 Nos
1413 2319 1483 2349 vero
1494 2341 1503 2355 ,
1518 2318 1567 2356 qui
1580 2316 1691 2353 semper
1705 2314 1787 2345 Pacis
1802 2313 1924 2344 Amator
1937 2312 2060 2350 fuimus,
2087 2315 2248 2355 intuituque
2262 2317 2355 2357 illius,

1292 2357 1446 2395 praedkstos
1457 2356 1608 2386 Tractatus
1624 2352 1824 2393 percussimus,
1842 2362 1878 2382 ne
1890 2351 2007 2391 Sanguis
2027 2351 2202 2385 Christianus
2224 2354 2355 2387 effunde-

1291 2404 1384 2433 retur,
1402 2394 1578 2433 Moremque
1593 2391 1730 2431 praedieto
1745 2389 1901 2421 Cariffimo
1915 2400 1948 2421 ac
1965 2390 2160 2422 Dilectissimo
2174 2392 2356 2432 Consangui-

1293 2444 1349 2464 neo
1363 2443 1397 2463 ac
1413 2433 1499 2464 Fratri
1514 2431 1610 2463 nostro
1623 2433 1689 2467 Regi
1703 2428 1816 2466 Angliae
1830 2438 1925 2466 gerere
1932 2430 2077 2466 cupientes
2086 2452 2097 2469 ,
2114 2430 2160 2462 sua
2174 2431 2287 2464 salubris
2298 2434 2355 2465 Pa-

1296 2474 1337 2503 cis
1353 2472 1542 2502 Hortamenta
1555 2468 1679 2501 recusare
1697 2469 1820 2498 minime
1832 2469 2026 2505 decrevimus,
2045 2469 2078 2498 &
2092 2478 2146 2506 pro
2158 2470 2203 2501 illa
2218 2471 2297 2503 firma
2309 2473 2355 2503 A..

1296 2512 1407 2541 micitia
1427 2511 1461 2541 &
1485 2510 1607 2540 maxima
1629 2505 1844 2550 Benevolentia,
1869 2515 1953 2545 quam
1970 2515 2036 2543 erga
2048 2506 2134 2538 [llum
2155 2510 2299 2550 gerimus,
2319 2512 2355 2543 ὃς

1292 2550 1452 2580 interventu
1467 2551 1500 2580 &
1516 2546 1757 2584 contemplatione
1772 2545 1896 2586 ejusdem
1911 2545 2026 2575 summo
2046 2546 2093 2575 ere
2107 2556 2238 2584 optamus
2250 2559 2284 2580 ac
2300 2559 2356 2580 vo-

1296 2589 1416 2626 luimus,
1434 2588 1467 2618 &
1484 2597 1534 2628 per
1552 2585 1706 2616 Praelentes
1721 2585 1927 2621 conientimus,
1945 2583 1994 2614 sub
2008 2555 2078 2613 Elide
2091 2585 2189 2616 nostra
2201 2587 2234 2617 &
2247 2588 2277 2617 in
2285 2588 2359 2619 Ver-

1295 2629 1337 2658 bo
1360 2626 1467 2665 Regis,
1491 2624 1571 2664 quod
1594 2625 1624 2654 in
1645 2626 1717 2653 Loco
1737 2621 1856 2666 Califiii,
1874 2621 1920 2652 Eo
1939 2620 2120 2662 Mediatore,
2137 2633 2183 2655 aut
2197 2625 2290 2665 aliquo
2305 2627 2358 2658 suo

1296 2666 1543 2701 Locumtenente‚
1581 2673 1609 2693 er
1630 2661 1708 2692 Eum
1723 2660 1897 2699 deligendo,
1915 2661 1948 2692 ὃς
1962 2660 2060 2691 auditis
2076 2661 2243 2694 Oratoribus
2253 2664 2359 2697 nostris

1294 2715 1327 2735 ac
1344 2703 1453 2744 praefati
1468 2673 1589 2742 Castelfe
1603 2705 1697 2739 Regis,
1722 2700 1798 2737 supra
1821 2699 2112 2731 Contraventionibus
2130 2701 2187 2736 jam
2209 2702 2357 2735 dictorum

1294 2743 1481 2773 Tratstatuum
1501 2743 1537 2772 ab
1564 2749 1682 2779 utroque
1701 2740 1830 2769 nostrum
1856 2739 1996 2778 praetensis
2012 2760 2023 2776 ,
2061 2737 2265 2779 Reparationes
2284 2752 2359 2773 con-

1293 2782 1390 2819 dignae
1409 2803 1418 2818 ,
1454 2783 1514 2810 tam
1537 2779 1614 2817 super
1637 2779 1699 2816 ipsis
1719 2777 2011 2808 Contraventionibus
2025 2776 2110 2814 quarn
2134 2777 2245 2816 Injuri'is
2254 2778 2356 2817 JacCtu-

1293 2823 1328 2851 ris
1347 2821 1378 2851 ὅ(
1395 2819 1528 2857 Expensis
1546 2841 1556 2857 ,
1592 2818 1632 2848 ob
1651 2816 1773 2847 Causam
1792 2815 1903 2846 illorum
1930 2816 2011 2846 facitis
2028 2838 2038 2854 ,
2075 2816 2263 2849 amicabiliter
2288 2817 2357 2851 fiant

1294 2870 1327 2891 ac
1351 2866 1561 2896 componentur
1580 2879 1592 2895 ,
1630 2855 1720 2886 modo
1745 2856 1779 2886 &
1804 2853 1899 2885 forma
1915 2855 2015 2892 quibus
2032 2854 2111 2886 latius
2137 2855 2251 2887 inferitis
2276 2856 2355 2888 dice-

1294 2908 1340 2929 tur

1335 2921 1473 2973 &letique
1503 2933 1655 2965 Tradiatus
1679 2931 1715 2963 de
1741 2942 1821 2962 novo
1845 2930 1993 2962 firmentur
2011 2955 2022 2970 ,
2060 2932 2095 2964 &
2118 2931 2219 2963 talibus
2244 2933 2357 2967 Vincu-

1295 2977 1328 3007 lis
1352 2976 1502 3006 fulciantur
1523 2996 1532 3011 ,
1569 2981 1599 3003 ut
1624 2973 1653 3003 in
1680 2971 1808 3015 futurum
1832 2979 1900 3000 cuin
1923 2970 1971 3000 illa
1985 2969 2044 3013 qua
2063 2971 2147 3001 decet
2172 2970 2327 3005 sinceritate
2344 2997 2356 3013 ‚

1296 3015 1380 3046 omni
1396 3013 1465 3044 dolo
1483 3013 1516 3043 &
1535 3010 1633 3042 fraude
1651 3011 1838 3047 cenantibus,
1855 3007 1975 3039 firmiter
1992 3012 2133 3040 lerventur
2149 3009 2356 3045 &custodian-

1295 3063 1341 3085 tur
1356 3065 1361 3071 ·

1333 3077 1365 3122 s'i
1386 3092 1473 3128 igitur
1488 3090 1548 3128 jam
1566 3086 1660 3119 dietus
1680 3085 1801 3125 Castellae
1815 3089 1876 3115 Rex
1892 3084 1926 3116 ad
1940 3086 2048 3117 dietam
2067 3086 2174 3117 Pacem
2189 3087 2223 3118 ει
2239 3088 2354 3120 Amici-

1295 3133 1365 3162 tiam
1380 3130 1547 3166 ineundam,
1566 3126 1660 3157 modis
1675 3126 1708 3156 &
1726 3124 1824 3155 formis
1833 3125 1934 3163 quibus
1947 3125 2038 3164 infra,
2057 3123 2208 3157 Assensum
2222 3127 2354 3165 praebue-

1295 3172 1348 3206 rit,
1367 3167 1557 3206 Oratoresque
1570 3167 1631 3196 suos
1643 3163 1717 3207 apud
1734 3163 1886 3201 Calisium,
1904 3162 2156 3203 Vigefimaquinta
2169 3165 2215 3195 die
2230 3167 2351 3203 praesen-

1294 3210 1328 3239 tis
1342 3206 1543 3243 Mensisjulii,
1559 3204 1594 3234 ad
1609 3202 1762 3240 praedietos
1777 3200 1894 3233 effeetus
1913 3201 2049 3233 destinare
2062 3203 2200 3240 voluerit,
2218 3203 2288 3235 Nos
2303 3215 2353 3245 pa-

1295 3248 1360 3277 riter
1373 3246 1408 3276 ad
1423 3243 1592 3282 praeditftum
1608 3242 1725 3272 Locum
1739 3242 1773 3272 &
1789 3241 1880 3271 Diem
1896 3240 2031 3272 Oratores
2050 3240 2162 3271 nostros
2183 3240 2358 3275 Munimen-

1294 3287 1328 3316 tis
1342 3283 1499 3315 necessariis
1511 3281 1621 3312 fulcitos
1635 3281 1796 3316 mittemus,

1331 3323 1393 3362 Qii
1405 3321 1559 3359 respective
1574 3327 1673 3350 coram
1687 3317 1932 3355 Locumtenente‚
1948 3326 2034 3355 quern
2054 3316 2089 3348 ad
2101 3317 2211 3349 dietum
2233 3319 2351 3351 Locum

1294 3362 1328 3392 ad
1342 3361 1493 3401 praedi&os
1509 3359 1588 3389 Fines
1602 3355 1767 3387 Cariffimus
1781 3355 2011 3395 Consanguineus
2025 3366 2058 3386 ac
2077 3355 2172 3387 Frater
2185 3357 2281 3388 noster
2287 3358 2353 3388 miss

1296 3400 1371 3430 surus
1387 3399 1446 3437 est,
1465 3404 1626 3437 proponent
1641 3395 1674 3426 ὃ(
1689 3395 1850 3432 deducent,
1871 3405 1935 3433 quae
1950 3396 1989 3425 eis
2002 3394 2173 3425 videbuntur
2187 3394 2353 3430 deducenda

1297 3441 1329 3470 &
1346 3436 1543 3476 proponenda,
1559 3435 1639 3473 super
1648 3435 1709 3472 jam
1725 3433 1807 3476 dictis
1822 3433 2114 3464 Contraventionibus
2124 3432 2351 3471 jadiuris&Ex-

1296 3478 1386 3515 pensis
1396 3499 1404 3513 ,
1422 3476 1456 3506 ad
1471 3474 1539 3504 fines
1552 3482 1583 3505 ut
1597 3483 1677 3511 aequa
1691 3473 1723 3503 &
1735 3472 1808 3510 justa
1822 3474 1958 3510 reparatio
1972 3471 2019 3502 fiat

1334 3515 1448 3553 Qubus
1460 3513 1558 3544 auditis
1574 3511 1665 3542 dictus
1681 3511 1910 3549 Locumtenens,
1934 3520 1983 3549 per
2007 3493 2297 3540 &ommunicationes
2314 3512 2349 3543 ὃς

1297 3553 1505 3590 Exortationes,
1533 3550 1716 3582 amicabiliter
1729 3572 1738 3588 ,
1765 3549 1824 3587 jam
1846 3550 1934 3581 dietas
1953 3545 2165 3580 Connoverfias
2186 3556 2351 3588 componet

1299 3592 1445 3629 (consensu
1462 3590 1619 3621 Oratorum
1634 3587 1797 3618 nostrorum
1812 3583 2349 3623 interveniente,&BeneplacitoSum-

1297 3634 1334 3659 mi
1348 3632 1429 3659 Ponti
1452 3629 1498 3666 cis)
1518 3638 1582 3667 quae
1595 3626 1656 3657 Res
1671 3626 1788 3665 Nobis,
1806 3628 1852 3667 qui
1868 3628 1972 3657 Pacem
1985 3631 2056 3665 cum
2069 3619 2165 3652 Princi
2187 3623 2250 3655 ibus
2263 3626 2349 3657 finiti-

1299 3670 1354 3712 mis
1369 3670 1400 3698 &
1446 3665 1757 3713 onsanguineianostris
1770 3675 1901 3704 optamus
1911 3659 2116 3701 sanguinisque
2131 3669 2147 3690 e
2194 3662 2300 3695 sionem
2318 3676 2350 3696 e.-

1297 3717 1384 3737 vita:e
1397 3716 1541 3746 cupimus,
1558 3714 1694 3744 perquam
1709 3713 1785 3742 grata
1797 3711 1866 3741 erit,

1336 3744 1415 3774 Cum
1436 3747 1505 3775 vero
1521 3746 1580 3782 jam
1598 3744 1689 3773 dietus
1709 3742 1872 3773 Cariffimus
1896 3743 1994 3769 Frater
2011 3736 2050 3773 ό
2072 3738 2285 3778 Confinguineus
2301 3754 2351 3773 no-

1289 3783 1365 3823 ster,
1383 3783 1526 3820 praedietae
1545 3782 1628 3813 Pacis
1644 3780 1777 3811 ineundae
1794 3780 1887 3811 Aetor
1905 3778 1937 3809 &
1955 3776 2089 3814 Inceptor
2108 3777 2352 3816 fuerit,defidera-

1299 3832 1378 3858 mus,
1395 3821 1473 3859 supra
1485 3831 1571 3860 quam
1585 3820 1642 3850 dici
1658 3819 1768 3859 potest,
1785 3826 1817 3849 ut
1830 3818 1868 3847 illi
1882 3814 2087 3854 gratificemus,
2106 3817 2186 3854 quod
2201 3817 2247 3849 sua
2254 3818 2353 3851 dexte-

1297 3862 1376 3890 ritate
1390 3860 1422 3889 ὃ(
1436 3861 1552 3899 ingenio
1564 3858 1655 3889 modo
1669 3859 1704 3889 ὃς
1718 3857 1812 3888 forma
1828 3855 1928 3894 quibus
1941 3853 2019 3891 supra
2031 3854 2099 3885 huic
2113 3855 2298 3888 Sanetiffimo
2306 3857 2355 3889 0-

1297 3899 1356 3936 peri
1372 3896 1433 3927 finis
1446 3907 1616 3938 imponatur.

1338 3935 1489 3966 Caeterum
1503 3937 1572 3967 cum
1590 3934 1677 3966 Ratio
1685 3932 1794 3964 suadeat
1809 3931 1888 3970 quod
1903 3929 1999 3960 omnis
2020 3929 2180 3963 Armorum
2200 3932 2302 3965 Motus
2315 3944 2352 3966 ac

1300 3973 1416 4004 Insultus
1437 3974 1554 4005 durante
1574 3972 1850 4003 Communicatione
1870 3969 1949 4007 super
1967 3968 2106 4006 praedicto
2122 3971 2203 4002 Pacis
2215 3972 2353 4005 Trinitatis

1303 4012 1394 4044 fienda
1413 4011 1521 4050 cesset,
1538 4011 1623 4049 Nos,
1648 4009 1894 4046 contemplatione
1912 4007 2043 4045 jamdicti
2062 4008 2162 4041 Fratris
2173 4009 2260 4041 nostri
2280 4013 2319 4040 Re
2340 4015 2361 4042 ἰ

2235 4049 2304 4087 Ana
2315 4054 2359 4091 ἐκ,

2368 180 2446 214 Anti.
2460 181 2508 219 D.

269 242 404 271 emmim
428 240 473 270 Ac
490 238 598 276 insuper
613 239 726 268 licitum
741 237 793 267 erit
808 236 899 266 eidem
916 233 1087 273 Sereniffimae
1101 234 1194 261 Matri
1211 238 1256 258 no·
1296 223 1463 255 Confimilia
1475 222 1573 255 Brevia
1585 224 1748 262 diriguntur
1757 223 1951 255 Escaetoribus
1961 222 2117 268 subscriptis
2131 223 2162 254 in
2174 221 2267 254 forma
2279 230 2352 263 prae-
2391 230 2478 259 1521.
2500 220 2503 222 ’

2370 264 2432 289 Hm.
2457 261 2487 297 3:

2394 1243 2510 1275 *xirri

2413 1284 2478 1320 748-

2378 1390 2513 1430 Ann.D;

2396 1439 2482 1469 1521.

2374 1474 2427 1498 An.
2449 1480 2492 1507 ¹3·

2377 1515 2411 1538 H.
2439 1509 2467 1537 8.

2373 1554 2413 1577 Ex
2430 1550 2492 1581 Ani

2369 1597 2436 1626 ngr:
