2542 4274
202 93 280 131 154
607 69 1254 116 CONVENTIO

1291 65 2034 121 NE83L1TERAE,‘

46 164 173 195 Ano-U
197 167 282 201 deni,
296 163 418 194 alterutri
435 161 582 192 diciorum
599 160 860 198 Contrahentium‚
876 159 905 189 in
920 160 1056 190 omnibus
1079 157 1195 188 Casibus
1217 157 1258 187 su·
1298 155 1403 192 mimia,
1423 155 1456 185 &
1474 153 1553 185 Bona
1567 153 1680 193 nostra,
1697 164 1811 185 necnon
1828 155 1961 185 Subditos
1978 152 2089 184 nostros
2104 154 2138 185 δε
2158 161 2259 184 eorum
2276 152 2352 185 Bona
2375 150 2505 185 Ann.D.;

77 211 102 239 ις
116 205 149 233 18

47 248 98 269 ΙἺιίι
127 249 148 268 b.

48 281 158 307 *X1H.

70 322 135 350 040.

200 203 292 242 peritis
308 201 454 240 expressis,
469 201 693 238 competentium
710 222 719 237 ,
744 199 923 229 contrahetur
946 199 995 228 sub
1019 197 1154 227 limilibus
1168 195 1258 239 modo

200 245 233 274 &
255 240 349 271 forms
386 241 486 278 quibus
509 240 537 268 in
565 249 596 276 pr
605 238 691 269 esenti
711 237 849 268 Traeiatu
870 237 906 267 de
929 235 1139 269 Matrimonio,
1156 236 1169 251 ³*
1188 243 1259 264 inter

201 280 309 310 diff-uin
329 282 473 308 Doninum
495 277 585 316 Delph
594 288 657 307 num
673 277 735 315 jam
761 277 905 306 viventem
928 276 960 305 &
986 275 1087 304 didam
1112 275 1260 303 Dominam

201 320 327 348 Mariam
341 317 553 354 contrahendo,
568 316 692 354 superius
710 314 749 345 est
765 313 933 352 expieffiim.

240 355 314 385 ΙΤΕ
326 364 371 394 Μ,
390 355 578 386 Conventum
595 377 605 393 ,
625 354 844 384 Concordatum
864 351 897 381 &
916 349 1094 380 Conclusum
1115 348 1155 380 est
1179 347 1258 386 quod

198 395 351 431 procinetus
370 393 615 425 Christianissimns
634 396 796 422 Francorum
820 393 880 419 Rex
901 411 912 427 ,
949 397 1046 418 coram
1073 387 1191 418 Oratore
1216 386 1261 417 vel

201 432 370 463 Oratoribus
388 432 595 464 Commiffario
608 432 651 461 vel
671 428 897 464 Coiimiffariis,
925 426 1108 457 procuratore
1124 426 1169 457 seu
1184 425 1258 467 Pro-

200 473 375 501 curatoribus
394 472 499 510 praefati
515 475 592 509 Regu·
614 467 744 507 Angliae,
762 465 974 509 quamprimum
997 464 1031 494 ad
1053 464 1110 495 hoc
1136 474 1183 508 per
1199 464 1259 507 eol-

200 508 268 539 dem
286 510 437 541 Oratorem
459 511 502 540 vel
520 510 655 539 Oratores
669 531 677 544 ,
710 505 946 537 Conimissarium
968 503 1015 534 vel
1043 502 1260 533 Commissarios

200 547 324 587 legitime
343 549 485 589 requisitus
502 549 601 585 fuerit,
618 546 717 585 absque
734 544 818 574 omni
836 543 969 574 dilatione
983 564 993 580 ‚
1014 542 1095 585 tacitis
1112 541 1260 572 Sacrosan-

201 587 255 617 Etis
277 586 329 618 Dei
348 587 507 625 Evangeliis
542 587 740 624 Juramentum
754 584 784 613 in
798 582 919 621 Scriptis
937 579 1078 619 praestabit
1095 580 1172 619 quod
1187 588 1259 623 prae·

201 626 307 655 lentem
326 626 497 657 Tractatum
516 611 776 658 Matrimonialem,
789 631 824 651 ac
846 621 943 650 omnia
957 620 991 651 ὅ(
1010 619 1113 663 singula
1129 617 1260 661 Capitula

202 663 234 694 in
246 665 349 695 eodem
369 673 519 702 contenta,
539 662 616 694 bona
632 660 687 691 fide
704 658 878 698 observabit,
896 660 929 690 ὃς
948 659 984 688 ab
1002 657 1059 688 aliis
1075 665 1214 696 quantum
1231 665 1261 686 in

203 712 240 733 eo
258 704 307 733 erit
321 704 427 734 realiter
445 704 478 734 &
495 712 563 733 cum
578 699 683 731 effectu
700 698 839 728 observari
852 697 954 734 faciet,
969 696 1101 734 idemque
1111 696 1262 735 Juramen-

204 748 286 779 tum,
303 743 339 772 iic
355 751 385 772 ut
403 741 549 779 prefertur
564 740 593 770 in
608 737 725 778 Scriptis
744 736 892 767 rediretum
909 737 942 766 ὃ(
962 734 1178 775 praestitum,ac
1194 732 1262 777 Ma-

204 788 244 810 nu
260 779 306 811 sua
323 779 441 818 propria
454 789 522 809 tunc
536 778 569 809 &
585 777 693 808 ibidem
715 775 734 806 si
756 783 872 813 natum,
895 773 1012 804 Oratori
1030 775 1075 804 vel
1097 773 1264 804 Oratoribus

203 818 311 857 praefati
328 821 407 857 Regis
421 816 533 856 Angliae
548 816 654 847 ibidem
670 825 729 853 prae
740 814 798 845 enti
816 813 862 844 vel
877 812 1059 851 praesentibus
1080 812 1188 844 realiter
1209 819 1265 842 tra-

201 856 266 887 der:

241 894 279 926 Et
298 895 421 926 similiter
439 897 500 924 Rex
518 892 754 933 Angliae,c0ram
772 890 896 920 Oratore
916 889 960 920 vel
976 888 1165 933 Orator-ibus,
1191 887 1263 918 Pro-

204 944 334 965 curatore
352 933 395 963 vel
415 933 662 970 Procuratoribus,
680 929 886 961 Commissario
902 928 947 959 vel
967 926 1176 971 Conimiffariis
1191 936 1262 971 prae·

204 972 255 1003 fati
270 975 432 1002 Francorum
449 974 528 1009 Regis
559 969 770 1009 quamprimum
783 967 817 998 ad
830 968 889 997 hoc
910 966 1053 1002 legittime
1069 965 1155 1009 fuerit
1169 974 1264 1004 requi-

205 1010 288 1048 situs,
306 1011 409 1048 absque
426 1012 508 1041 omni
525 994 676 1043 dilatione,
690 1007 771 1037 tastis
789 1004 977 1036 sacrosanctis
998 1003 1262 1041 Evangeliis‚Jura-

205 1059 337 1081 mentum
360 1051 388 1080 in
408 1048 527 1086 Scriptis
538 1047 681 1086 praestabit
696 1044 774 1084 quod
792 1042 958 1082 praesentem
969 1043 1140 1073 Traeiatum
1158 1042 1260 1073 Matri-

204 1087 380 1125 monialem,
398 1097 431 1118 ac
446 1087 544 1118 omnia
561 1087 594 1117 &
611 1085 718 1121 singula
732 1083 863 1120 Capitula
877 1084 906 1112 in
919 1082 1022 1125 eodem
1037 1089 1190 1125 contenta,
1207 1081 1261 1110 bo-

204 1125 243 1158 na
261 1125 326 1157 Fide
341 1125 558 1163 observabit,&
575 1125 611 1154 ab
629 1124 686 1153 aliis
704 1131 842 1161 quantum
858 1122 887 1150 in
905 1131 941 1151 eo
957 1128 1008 1151 erit
1021 1120 1127 1150 realiter
1142 1121 1176 1152 &
1191 1129 1259 1149 cum

205 1162 312 1195 effectu
331 1164 471 1195 observari
486 1163 588 1199 faciet,
603 1162 736 1199 idemque
755 1161 835 1191 suurn
851 1159 1068 1203 juramentum,
1090 1159 1128 1190 sic
1141 1167 1171 1188 ut
1189 1168 1262 1195 prae-

204 1202 293 1235 fertur
313 1204 341 1232 in
358 1202 476 1241 Scriptis
493 1200 707 1238 praestitum&
724 1199 817 1229 Manu
831 1198 876 1229 sua
894 1199 1007 1236 propria
1021 1206 1089 1227 tunc
1102 1199 1134 1228 ὅ(
1150 1197 1260 1240 ibidem

205 1240 274 1272 subii
297 1251 393 1272 natum
411 1264 420 1279 ,
452 1241 534 1271 dietis
552 1239 721 1270 Oratoribus
739 1237 846 1277 praefati
864 1240 941 1274 Regis
965 1239 1130 1265 Francorum
1150 1235 1261 1267 ibidem

204 1250 388 1318 praeigntibus
406 1279 513 1311 realiter
527 1278 622 1308 tradet.

244 1317 375 1357 ITEM,
390 1317 597 1352 Conventum,
617 1313 860 1352 Concordatum,
877 1313 910 1345 &
930 1311 1106 1344 Conclusum
1122 1312 1163 1343 est
1183 1312 1262 1350 quod

205 1364 268 1387 uter
289 1367 323 1387 ue
339 1356 458 1393 Regum
476 1354 680 1393 praedic‘iorum
694 1376 703 1391 ,
729 1363 779 1392 per
795 1353 902 1383 Literas
916 1352 974 1382 suas
990 1352 1135 1393 Parentes,
1150 1350 1262 1389 Magno

205 1395 255 1426 suo
274 1395 376 1432 sigilio
397 1394 522 1431 sigillatas
540 1394 574 1425 &
592 1391 730 1422 Manibus
748 1391 801 1422 suis
815 1391 1170 1428 subscriptas‚prae1entem
1188 1390 1263 1421 Tra-

206 1433 314 1463 Ciatum
332 1443 366 1463 ac
384 1433 480 1462 omnia
500 1432 533 1462 &
554 1431 659 1468 singula
676 1432 705 1460 in
724 1430 827 1461 eodem
845 1438 977 1460 contenta
1000 1429 1189 1467 Acceptabit,
1205 1428 1266 1459 Ra-

206 1470 325 1502 tificabit
343 1472 375 1502 &
395 1472 463 1501 intra
483 1479 603 1508 quatuor
623 1469 730 1500 menses
747 1469 843 1499 datam
862 1468 1045 1499 Praelentium
1070 1469 1205 1505 proximo
1226 1467 1267 1497 se-

205 1519 322 1547 quentes
342 1509 552 1546 Confirniabitz,
572 1508 747 1546 Easdenique
765 1507 887 1545 LiteraS,
910 1506 947 1537 sic
967 1514 997 1537 ut
1014 1506 1158 1544 praefertur
1175 1507 1267 1543 signa-

207 1557 248 1579 tas
265 1549 298 1579 &
318 1548 442 1585 sigillatas
473 1550 545 1579 intra
564 1547 658 1577 dic'tos
677 1556 797 1585 quatuor
818 1544 1082 1584 Menses,vicissim
1099 1546 1133 1578 ὃς
1152 1547 1270 1584 mutuo,

207 1587 298 1619 tradet
317 1587 425 1619 tradive
441 1571 527 1619 saciet
539 1595 609 1618 cum
626 1584 739 1616 effeetu.

482 1691 635 1731 Sequuntur
648 1689 762 1718 Yenores
783 1685 999 1726 commissionum.

205 1776 210 1781 '
247 1776 421 1816 Fraaccifiur,
438 1775 496 1807 Dei
514 1774 632 1813 Gratia,
649 1774 709 1811 ὀτ-
728 1782 761 1805 ut
764 1774 861 1843 [supra
878 1772 928 1803 ult.
949 1773 992 1803 die
1007 1773 1092 1813 Julii.

249 1817 401 1852 Henrirus,
418 1813 474 1845 Dei
494 1814 600 1852 gratia,
617 1817 677 1845 Rex
695 1818 763 1852 Aug
774 1818 808 1844 iae
825 1813 863 1849 ὠ
879 1816 1002 1842 Franciae
1016 1811 1054 1847 ὠ
1074 1815 1205 1843 Dominus
1214 1816 1269 1843 Hi-

209 1853 326 1892 berniae,
350 1854 480 1885 universis
498 1855 532 1886 &
552 1853 663 1892 singulis
678 1854 826 1891 praesentes
844 1851 950 1883 Literas
969 1851 1131 1891 inspecturis
1151 1875 1161 1891 ,
1191 1852 1272 1884 Salu-

208 1901 275 1924 tenr

246 1931 419 1963 No'ruixi
448 1939 634 1962 FACIMUS
659 1929 747 1969 qiod,

247 1969 326 2001 Cum
346 1970 417 2001 inter
436 1969 501 2000 Nos
519 1971 551 2001 ὃς
571 1967 837 1999 illustrissimum&
854 1966 1086 1998 Potentiffimum
1105 1966 1271 2006 Principem

210 2007 396 2048 Franciftum,
419 2008 476 2039 Dei
490 2008 594 2048 gratia,
606 2010 769 2036 Francorum
782 2010 878 2044 Regem
898 2006 1022 2036 Fratrem
1039 2006 1072 2037 ὃ(
1094 2005 1272 2045 Consangui-

209 2058 299 2079 neum
315 2047 445 2078 nostrum
465 2045 647 2077 Caiiffimum
665 2055 747 2076 vetus
760 2045 915 2083 Amicitia,
938 2044 1029 2084 Liga,
1049 2046 1084 2077 ὅτ.
1109 2043 1272 2077 Confoede-

210 2087 281 2118 tatio
298 2096 386 2124 nuper
399 2087 532 2117 innovata
546 2087 579 2118 ὃ(
596 2084 714 2116 stabilita
727 2083 829 2120 fuerit,

247 2124 379 2156 Eandem
397 2124 560 2154 Amicitiam
581 2124 613 2154 &
638 2122 927 2154 Confoederationem
951 2120 1064 2153 firmam
1081 2122 1115 2153 &
1136 2123 1272 2156 sinceram

209 2162 271 2195 fore
286 2173 342 2193 non
368 2162 547 2193 mediocriter
570 2161 771 2199 desideramus,

248 2201 344 2240 Atque
363 2201 450 2238 ideo,

248 2239 300 2270 Ob
320 2239 474 2269 firmiorem
497 2237 620 2277 ejusdem
643 2238 848 2269 observantiam
866 2260 875 2274 ‚
905 2238 1111 2269 considerantes
1136 2238 1215 2277 quod
1237 2239 1272 2270 ad

211 2278 324 2311 Amoris
343 2279 374 2308 &
394 2277 597 2308 Benivolentiae
617 2277 671 2314 (ex
687 2287 747 2316 quo
764 2286 828 2306 vera
842 2276 968 2312 gignitur
989 2277 1144 2312 Amicitia)
1174 2276 1271 2308 Incre-

212 2326 341 2349 nientum
360 2318 392 2348 &
410 2316 682 2352 Conservationem,
699 2315 768 2345 nihil
782 2315 811 2344 sit
830 2314 944 2353 usquam
967 2315 1125 2352 praeclarius
1139 2325 1190 2346 aut
1207 2315 1269 2346 effi-

211 2357 307 2388 cacius
323 2356 409 2394 quam
426 2355 578 2392 Sanguinis
593 2353 766 2385 necessitudo
782 2361 830 2384 aut
854 2351 1006 2384 Affinitatis
1026 2354 1194 2392 vinculum,

250 2394 298 2425 De
313 2393 506 2424 Matrimonio
526 2416 536 2430 ,
569 2394 640 2422 inter
664 2391 842 2423 Cariffimam
865 2391 965 2420 Filiam
981 2391 1107 2422 nostram
1122 2395 1271 2421 Dominam

214 2436 341 2464 Mariam
357 2434 390 2463 &
407 2432 476 2462 dieti
491 2429 668 2460 Illustrissimi
691 2432 769 2465 Regis
791 2433 954 2457 Francorum
971 2429 1073 2458 Filium
1092 2429 1271 2467 Primogeni-

213 2480 276 2502 turn
299 2470 465 2509 Franciscum
486 2467 652 2506 Delphinum
673 2466 851 2506 Viennensem
870 2466 1084 2504 contrahendo,
1103 2476 1172 2496 cum
1189 2469 1268 2498 dieto

212 2508 397 2541 Illustriffimo
413 2511 575 2537 Francorum
593 2509 662 2544 Rege
677 2503 902 2543 Consanguineo
919 2503 1016 2536 nostro
1029 2504 1184 2536 Carissimo
1197 2507 1273 2538 Tra—

219 2547 358 2579 &andum
377 2546 517 2576 duximus.

253 2588 313 2616 Nos
331 2586 431 2623 igitur,
919 2620 925 2625 ⁵

254 2623 362 2655 Confisi
389 2624 425 2654 de
450 2622 596 2654 Fidelitate
621 2620 759 2652 Industria
785 2622 818 2652 &
844 2619 961 2658 provrda
987 2619 1271 2661 Circumspefflone,

216 2662 399 2694 Diledtorum
417 2662 450 2693 &
471 2661 614 2692 Fidelium
630 2660 865 2690 Consiliariorum
884 2658 1065 2698 nostrorum,
1082 2660 1189 2690 Thomae
1209 2665 1272 2692 Du-

216 2706 252 2732 cis
278 2703 337 2730 Nor
377 2700 452 2730 lchiae
476 2701 574 2736 magni
592 2698 769 2729 Thesaurarii
788 2698 820 2728 &
844 2696 1001 2727 Marescalli
1025 2698 1158 2737 Angliae,
1177 2700 1273 2731 Reve-

215 2740 295 2770 rendi
319 2739 405 2770 larris
424 2738 530 2769 Thomae
554 2736 739 2778 Dunelmenfis
767 2735 885 2775 Episcopi
901 2735 1036 2766 Custodis
1056 2736 1160 2768 Privati
1179 2738 1271 2775 Sigilli

216 2778 322 2815 nostri,
337 2788 450 2808 necnon
472 2775 564 2806 Caroli
585 2779 696 2806 Comitis
722 2776 870 2811 Wigorniae
888 2773 1010 2804 Domini
1033 2775 1068 2804 de
1092 2775 1215 2807 Her-bert
1240 2779 1272 2808 ὃ(

216 2818 252 2848 de
268 2816 378 2846 Gower
394 2815 552 2847 Camerarii
571 2813 676 2852 nostri,
695 2814 728 2844 &
744 2812 908 2843 Reverendi
927 2812 1013 2843 Patris
1028 2813 1137 2843 Nicolai
1154 2814 1272 2855 Episcopi

218 2854 333 2895 Elienfis
350 2855 431 2892 plene
450 2853 641 2890 confidentes,

256 2892 332 2931 Ipios
357 2894 389 2924 ὃς
414 2902 515 2923 eorum
539 2891 711 2930 quemlibet,
739 2889 920 2928 conjunffim
947 2890 979 2920 &
1004 2889 1135 2930 divisim,
1161 2891 1273 2923 nostros

219 2941 301 2962 veios
325 2931 358 2961 &
384 2930 558 2961 indubitatos
583 2927 802 2960 Commissarios
819 2951 828 2966 ,
854 2928 1096 2965 Ambaffiatores,
1122 2929 1275 2970 Oratores,

221 2969 438 3006 Procuratores,
458 2968 631 3006 Deputatos,
648 2969 681 2998 ὅ(
706 2967 840 2997 Nuncios
866 2966 993 3008 speciales
1011 2968 1043 2997 ὃς
1064 2969 1202 3007 generales
1223 2970 1275 3001 Fa-

222 3009 329 3045 cimus,
345 3007 574 3044 Constituimus,
591 3007 624 3037 δε
642 3005 816 3035 Ordinamus
834 3016 881 3042 per
898 3004 1065 3044 Praeiemes,

260 3045 368 3076 Dantes
384 3048 415 3077 δε
432 3044 631 3076 Concedentes
648 3043 761 3074 Eisdem
782 3045 815 3075 &
834 3054 932 3074 eorum
953 3044 1077 3083 cuilibet,
1096 3046 1274 3083 conjunffim

222 3093 254 3115 ut
272 3085 415 3123 praefertur
433 3087 464 3115 ὅ(
483 3084 611 3121 divisim,
635 3083 750 3112 Tenore
777 3081 977 3120 Praesentium,
1003 3082 1196 3122 Potestatem,
1223 3086 1276 3117 Fa.

225 3124 358 3154 cultatem
369 3145 378 3160 ,
399 3122 626 3158 Aiie'toritatem,
643 3131 676 3152 ac
698 3120 870 3151 Mandatum
889 3121 1018 3157 generale
1037 3123 1070 3153 &
1086 3122 1221 3164 speciale,
1238 3126 1274 3155 ita

223 3163 303 3200 quod
329 3161 504 3192 Generalitas
529 3159 697 3198 Specialitati
722 3169 781 3189 non
801 3159 939 3197 deroget,
964 3169 1016 3190 nec
1043 3163 1060 3190 e
1085 3170 1204 3200 contra,
1223 3174 1274 3200 pro

225 3200 323 3231 Nobis
342 3201 374 3232 &
390 3200 525 3230 Nomine
543 3198 642 3229 nostro
661 3207 694 3227 ac
711 3198 798 3227 dicstae
813 3198 891 3228 Filiae
911 3197 1013 3228 nostrie
1023 3198 1201 3239 Cariffimae,
1214 3202 1275 3239 spe-

225 3240 329 3270 cialiter
347 3240 380 3271 &
399 3238 539 3276 expresse,
556 3246 625 3267 curn
643 3235 810 3266 Oratoribus
827 3235 1061 3267 Procuratoribus
1079 3239 1112 3269 &
1130 3238 1280 3277 Deputatis

226 3278 296 3308 dicii
311 3277 489 3307 illustrissimi
505 3279 668 3305 Francorum
691 3277 769 3312 Regis
787 3275 822 3304 de
836 3274 1013 3312 Sponsalibus
1031 3277 1064 3307 ὃ(
1088 3276 1280 3309 Matrimonio

79 3316 97 3335 ⁶
121 3316 204 3343 XIII.
227 3317 300 3346 inter
319 3315 522 3359 Illustrifflmum
537 3314 556 3334 ¹¹²
579 3316 725 3351 Principem
744 3314 909 3352 Franciscum
924 3313 1085 3351 Delphinum
1107 3315 1282 3355 Viennensem

116 3356 182 3389 ⁶4¹·

230 3354 461 3392 Primogenitum
474 3353 544 3384 dieti
562 3356 725 3382 Francorum
747 3354 824 3389 Regis
843 3353 875 3384 &
898 3351 1079 3382 Cariffimam
1099 3354 1131 3383 &
1149 3353 1283 3387 Dilectis-

232 3392 327 3422 simam
351 3393 450 3423 Filiam
470 3391 594 3422 nostram
617 3394 759 3427 Mariam,
774 3392 850 3428 juitta
867 3390 992 3421 formam
1013 3390 1215 3429 Capitulorum
1233 3394 1281 3425 de-

234 3430 312 3467 super
328 3430 575 3461 conficiendorum
593 3429 767 3460 Traeiandi:

276 3468 360 3498 Pacta
380 3480 492 3507 quoque
518 3469 734 3499 Conventiones
759 3469 792 3498 &
818 3465 1018 3498 Promiffiones
1036 3466 1070 3498 de
1092 3467 1285 3506 Temporibus

239 3505 324 3536 Locis
343 3508 375 3537 ὃς
401 3508 506 3539 Forma
534 3505 708 3538 Contractus
734 3506 767 3536 &
793 3504 997 3536 Celebrationis
1021 3505 1228 3544 Sponsaliorum
1252 3509 1285 3539 &

238 3542 417 3574 Matrimonii
434 3548 501 3577 inter
519 3547 647 3576 eoldem:
667 3554 779 3575 necnon
798 3543 876 3581 super
901 3544 995 3582 Dote,
1020 3545 1178 3584 Dotalitio,
1205 3546 1286 3577 Doa-

238 3584 302 3624 rio,
317 3582 372 3612 sive
398 3582 562 3614 Donatione
588 3592 700 3622 propter
724 3583 864 3622 Nuptias,
891 3582 974 3613 causa
990 3583 1022 3613 &
1043 3584 1287 3621 contemplatione

239 3620 363 3659 ejusdem
389 3619 566 3652 Matrimonii
590 3625 622 3654 &
648 3621 875 3662 Sponsaliorum,
899 3621 1034 3651 hincinde
1055 3622 1157 3660 singula
1176 3622 1286 3661 lingulis

242 3660 274 3690 &
293 3658 442 3695 rcspeffive
458 3660 616 3698 referendo,
635 3660 854 3697 constituendis,
872 3659 985 3698 dandis,
1003 3660 1141 3690 tradendis
1153 3684 1163 3699 ,
1182 3661 1216 3692 δί
1232 3661 1286 3691 sol-

242 3699 354 3728 vendis:
375 3707 407 3727 ac
426 3700 509 3728 etiam
524 3697 609 3728 Parit-a
626 3708 803 3737 quaecunque
824 3698 858 3727 de
876 3698 974 3728 Lucris
993 3697 1229 3729 Restitutionibus
1253 3701 1287 3731 ὃς

244 3735 476 3772 Repetitionibus
492 3735 633 3766 diciorum
652 3737 755 3775 Dotis,
777 3736 924 3774 Dotalitii,
944 3736 1060 3774 Doarii,
1079 3737 1134 3766 live
1148 3735 1290 3768 Donatio-

244 3776 286 3803 nis
304 3783 415 3815 propter
430 3774 461 3804 N
467 3774 566 3810 uptia53
586 3784 618 3803 ac
636 3777 719 3805 etiam
738 3776 801 3806 alias
821 3774 995 3814 quascunque
1011 3775 1227 3805 Conventiones
1247 3777 1291 3806 di-

244 3813 289 3841 &a
303 3814 457 3851 Sponlalia,
475 3811 712 3850 Matrimonium,
731 3814 860 3851 Dotem,
882 3813 1067 3851 Domitium,
1087 3813 1239 3852 Doarium,
1257 3815 1291 3844 fi-

244 3860 279 3880 ve
306 3849 500 3880 Donationem
520 3858 630 3888 propter
648 3850 770 3888 Nuptias
785 3862 1005 3889 concernenteS,
1020 3862 1088 3882 cum
1106 3853 1242 3882 omnibus
1261 3865 1290 3883 a·

243 3890 286 3919 liis
318 3889 368 3917 suis
397 3890 508 3918 annexis
535 3887 755 3927 dependentibus
786 3891 817 3920 &
846 3892 1080 3928 emergentibus,
1105 3890 1264 3921 Tractandi
1280 3914 1290 3929 ,

243 3926 463 3964 Concordandi,
482 3926 660 3969 paciscendi,
678 3926 876 3958 Conveniendi
889 3952 899 3967 ,
917 3930 948 3959 &
964 3928 1163 3959 Concludendi
1177 3951 1187 3966 ,

279 3964 398 4003 Nosque
412 3965 548 3996 riaeredes
566 3964 599 3995 ὃς
615 3964 792 3998 bucceiiores
809 3966 936 4005 nostros,
953 3967 1070 4007 Regna,
1090 3966 1208 4006 Patrias,
1223 3966 1290 3999 Do-

1294 194 1457 262 ιὲζὺίεᾸιῖςυε
1481 202 1607 262 reiperta,
1623 193 1658 224 ad
1682 192 1906 224 Conventorutn
1930 192 2169 224 observationem
2192 190 2351 229 Obligandi

1379 235 1443 260 irin
1464 241 1498 261 en
1520 233 1529 261 i

1330 269 1367 299 Et
1390 240 1521 306 praeierea
1537 253 1613 300 ’Nos
1635 269 1789 310 Regnum,
1806 269 1911 301 Terras
1946 271 1980 302 &
2000 270 2142 302 Dominia
2160 267 2253 299 nostra
2274 277 2352 306 quae-

1295 317 1407 345 cunque
1432 307 1467 338 ad
1488 307 1708 340 Conventorum
1731 310 1763 340 &
1789 292 2000 339 Concluifirum
2023 307 2219 339 inviolabilem
2242 306 2350 337 Obser-

1294 347 1441 376 vationem
1459 345 1508 376 sub
1533 346 1664 378 Censuris
1689 346 1893 378 Ecclesiasticis
1916 347 2132 386 quibuscunque
2155 348 2188 377 &
2207 347 2238 376 in
2259 345 2350 375 forma

1295 383 1430 453 Gangerg
1441 383 1618 454 Affistoliqae
1636 395 1669 416 ac
1689 386 1752 417 alias
1769 394 1851 424 prout
1868 385 1906 416 eis
1930 384 2070 417 videbitur
2092 385 2216 417 fimiliter
2241 383 2352 416 Astrin-

1296 432 1352 460 geri
1375 433 1383 452 ι
1512 434 1519 453 ι
1540 434 1573 453 an
1595 433 1603 453 i

1333 460 1371 492 Et
1391 461 1501 499 insuper
1520 432 1592 492 ε(Ιζκῖοε
1612 446 1749 493 ieiaeredes
1765 462 1798 492 &
1822 460 2002 492 successores
2023 460 2135 493 nostros
2153 462 2204 493 sub
2225 471 2353 500 quacun-

1294 509 1348 538 que
1364 499 1458 530 Poena
1475 501 1560 530 etiarn
1575 499 1739 532 Pecuniaria
1757 511 1806 538 per
1820 500 1879 531 Eos
1901 508 2042 531 conventa
2060 500 2094 529 ad
2108 500 2352 532 observationem

1294 539 1429 569 omnium
1453 540 1486 570 &
1508 539 1680 578 singulorum
1705 550 1754 579 per
1770 539 1827 570 Eos
1850 540 1878 568 in
1900 539 1952 569 hac
1976 547 2054 576 parte
2069 537 2296 578 Conclusorum,

1333 576 1372 607 Et
1393 586 1526 615 praeterea
1546 587 1598 615 pro
1615 577 1715 608 Nobis
1737 579 1769 608 ὅ(
1790 576 1926 608 Nomine
1941 576 2043 608 nostro
2065 575 2251 608 Promittendi
2272 576 2354 616 quod

1296 614 1426 646 Primarii
1440 615 1576 647 Proceres
1596 617 1629 648 &
1645 615 1782 647 Civitates
1802 615 1896 653 Regni
1920 615 2006 646 nostri
2023 616 2108 646 etiam
2123 615 2173 646 sub
2188 625 2355 654 quacunque

1296 653 1387 684 Poena
1408 656 1566 692 pecuniaria
1587 665 1635 693 per
1656 655 1770 686 eosdem
1792 653 2011 685 Commiffarios
2030 662 2191 692 conventa,
2209 663 2257 693 per
2278 655 2355 692 sepa-

1298 701 1367 722 ratas
1387 693 1445 723 suas
1463 693 1568 724 Literas
1583 693 1751 725 sufficienter
1768 692 1854 724 fadtas
1875 693 1993 730 signatas
2006 694 2039 725 ὃς
2054 692 2195 731 sigillatas,
2212 692 2267 722 sese
2280 694 2357 723 obli·

1297 732 1404 769 gabunt
1427 732 1507 770 quod
1531 734 1629 762 omnia
1647 733 1680 764 &
1702 732 1810 770 singula
1831 742 1880 770 per
1893 732 2029 763 Oratores
2051 730 2164 762 nostros
2187 730 2267 768 super
2282 741 2356 768 prae-

1297 770 1382 800 distis
1397 770 1574 808 Sponsalibus
1595 771 1627 802 &
1649 771 1837 802 Matrimonio
1859 780 2003 802 conventa
2024 769 2141 800 fideliter
2159 769 2358 806 adimplebun-

1299 817 1344 838 tur
1364 808 1397 839 &
1420 808 1599 847 perficientur
1613 832 1623 848 ,
1649 809 1771 848 Nosque
1798 809 1833 840 ad
1855 810 1913 840 hoc
1941 809 2125 840 effe&ualiter
2146 809 2357 847 procurandum

1299 847 1399 885 pariter
1413 848 1570 888 Obligandi
1585 849 1618 879 &
1635 847 1838 885 Astringendi,

1335 886 1383 917 Ac
1412 886 1492 924 super
1519 886 1677 924 hujusmodi
1709 885 1893 923 Convenris,
1916 884 2123 925 Concordatis,
2147 887 2182 918 &
2208 883 2359 916 Conclufis

1297 934 1366 955 cum
1387 925 1469 956 dieto
1483 924 1721 956 Christianisfimo
1736 928 1899 954 Francorum
1914 927 2001 962 Rege,
2013 924 2223 955 Commislariis
2239 925 2272 955 ἃ
2294 923 2358 955 De-

1297 963 1400 1001 putatis
1415 963 1519 994 Literas
1540 964 1642 994 validas
1663 964 1696 995 &
1718 963 1851 995 efficaces
1874 961 2099 1001 Consanguineo
2119 964 2219 993 nostro
2240 961 2358 994 Cariffi-

1299 1012 1369 1039 mo,
1393 1002 1437 1033 seu
1459 1004 1518 1041 ejus
1539 1002 1727 1040 Oratoribus,
1750 1012 1802 1042 pro
1824 1001 1904 1032 Parte
1927 1000 2021 1031 nostra
2043 1001 2188 1031 Tradendi
2203 1024 2214 1038 ,
2236 1001 2356 1040 aliasque

1298 1041 1453 1071 consimilis
1475 1039 1601 1071 efferiisis
1613 1041 1646 1072 &
1670 1042 1774 1079 vigoris
1787 1041 1824 1070 ab
1840 1040 1900 1078 ipso
1918 1040 1963 1070 vel
1983 1041 2020 1070 eis
2036 1038 2174 1077 Petendi,

1335 1079 1511 1117 Plenamque
1531 1088 1662 1117 praeterea
1683 1079 1854 1110 Potestatem
1870 1078 2067 1117 Juramentum
2091 1079 2120 1108 in
2145 1078 2283 1108 Animam
2304 1087 2360 1108 no-

1298 1118 1384 1148 stram
1414 1117 1569 1149 Praestandi
1593 1117 1670 1157 quod
1699 1119 1860 1149 tenebimus
1887 1118 1921 1149 ὃς
1953 1117 2172 1153 adimplebimus
2195 1117 2301 1147 realiter
2325 1117 2360 1147 δε

1299 1167 1367 1187 cum
1391 1156 1497 1188 effedtu
1518 1158 1617 1187 omnia
1639 1159 1673 1189 &
1694 1157 1797 1196 singula
1813 1166 1876 1195 quae
1890 1157 1919 1185 in
1942 1156 2128 1194 praediffls&
2149 1156 2226 1187 circa
2240 1166 2271 1187 ea
2288 1154 2361 1186 No-

1301 1196 1380 1225 mine
1394 1195 1493 1226 nostro
1507 1196 1746 1234 concordabunt,
1763 1195 1956 1232 convenient,
1971 1195 2121 1233 jurabunt,
2139 1194 2309 1232 firmabunt,
2326 1194 2360 1225 &

1300 1234 1474 1265 concludent
1491 1258 1500 1273 ,
1528 1244 1562 1264 ac
1586 1234 1665 1273 quod
1687 1235 1730 1264 illa
1756 1234 1959 1265 ratificabimus
1980 1234 2013 1263 ὃ(
2034 1233 2113 1264 nullo
2136 1244 2263 1270 unquam
2285 1241 2360 1263 tem—

1300 1283 1369 1311 pore
1391 1273 1590 1303 revocabimus
1603 1295 1612 1311 ,
1640 1283 1695 1304 nec
1718 1283 1818 1304 contra
1835 1282 1867 1302 ea
1892 1272 1938 1302 vel
1957 1281 2058 1302 eorum
2080 1272 2194 1311 aliquod
2221 1271 2361 1302 faciemus

1300 1311 1346 1341 vel
1375 1313 1477 1349 quovis
1499 1311 1584 1350 paeto
1609 1312 1775 1350 veniemus,

1345 1349 1501 1388 Simileque
1521 1348 1719 1387 Juramentum
1743 1361 1757 1380 a
1782 1349 1863 1380 dieto
1890 1347 2079 1379 Illustriffimo
2108 1351 2178 1387 Rege
2198 1351 2362 1379 Francorum

1300 1387 1394 1426 ejusve
1409 1388 1666 1420 Ambaffiatoribus
1687 1389 1721 1419 ad
1735 1389 1792 1420 hoc
1807 1387 1979 1419 Potestatem
1993 1387 2159 1419 habentibus
2171 1386 2294 1426 praestari
2309 1385 2363 1417 Vi·

1300 1426 1386 1457 dendi
1402 1426 1518 1458 Petendi
1538 1428 1570 1459 &
1584 1427 1743 1466 Exigendi,

1340 1466 1385 1497 Ac
1410 1466 1573 1504 generaliter
1594 1467 1693 1497 omnia
1716 1468 1749 1499 &
1776 1465 1882 1503 singula
1897 1464 2033 1496 Nomine
2048 1464 2151 1496 nostro
2168 1466 2201 1497 &
2216 1464 2295 1495 Filiae
2307 1474 2364 1495 no·-

1303 1503 1365 1535 strae
1382 1503 1543 1536 Cariffimae
1561 1505 1704 1543 praedietae
1721 1505 1866 1543 Faciendi,
1887 1504 2029 1542 Gerendi‚
2047 1503 2237 1542 Excercendi,
2252 1505 2284 1535 &
2302 1503 2325 1534 F
2327 1504 2365 1533 ir-

1304 1543 1400 1574 mandi
1420 1543 1621 1582 cujuscumque
1638 1544 1759 1575 Naturae
1782 1545 1815 1575 &
1830 1543 2023 1581 Importantiae
2045 1543 2150 1574 fuerint
2173 1553 2218 1574 aut
2240 1544 2294 1573 eile
2310 1553 2364 1582 po-

1306 1584 1391 1613 terint
1414 1584 1444 1613 in
1467 1583 1608 1622 praediffls
1633 1584 1665 1614 &
1687 1584 1765 1614 circa
1786 1592 1818 1612 ea
1840 1581 1988 1613 necessaria
2013 1582 2044 1612 &
2069 1591 2226 1620 oportuna,
2245 1583 2277 1614 &
2299 1593 2363 1621 quae

1306 1623 1376 1652 tanti
1399 1622 1525 1659 Negotii
1549 1621 1664 1661 qualitas
1686 1631 1754 1652 cum
1784 1621 1908 1659 ejusdem
1937 1620 2143 1652 circunstantiis
2161 1621 2365 1659 deppendenti-

1307 1660 1359 1690 bus
1383 1661 1416 1691 &
1438 1661 1552 1692 annexis
1571 1662 1656 1699 exigit
1677 1669 1722 1691 aut
1744 1661 1877 1698 requirit,
1897 1659 1930 1690 &
1952 1669 2015 1699 quae
2037 1659 2133 1690 Nobis
2154 1659 2246 1691 facere
2268 1661 2365 1691 liceret

1307 1699 1327 1729 si
1352 1698 1503 1729 Praemissis
1526 1699 1704 1737 personaliter
1725 1697 1943 1735 Interessemus,
1967 1699 2052 1729 etiam
2074 1698 2093 1728 si
2117 1697 2256 1739 Expreffis
2279 1699 2366 1738 longe

1306 1739 1415 1776 majora
1437 1738 1506 1776 sint,
1524 1747 1570 1768 aut
1593 1738 1654 1768 talia
1677 1738 1769 1768 forent
1791 1747 1854 1774 quae
1877 1737 1913 1766 de
1933 1738 1978 1767 sua
1992 1736 2101 1767 Natura
2115 1737 2148 1767 ad
2168 1748 2200 1768 ea
2217 1736 2367 1777 perficien-

1304 1776 1340 1807 da
1355 1776 1536 1845 ssMandatum
1557 1778 1667 1814 exigant
1687 1777 1778 1814 magis
1798 1776 1916 1814 speciale
1937 1776 2024 1813 quam
2046 1774 2232 1807 Praesentibus
2255 1776 2294 1806 est
2315 1785 2363 1806 eit-

1324 1825 1352 1845 re
1379 1824 1441 1845 um·

1304 1824 1322 1854 p
1343 1839 1564 1892 Promittentes,
1582 1853 1663 1884 bona
1676 1852 1743 1884 Fide
1765 1853 1799 1884 ὃ(
1822 1854 1850 1882 in
1866 1851 1967 1883 Verbo
1984 1851 2099 1890 Regio,
2117 1851 2185 1882 Nos
2206 1853 2240 1883 ὃς
2257 1853 2366 1884 dietam

1307 1891 1406 1924 Filiam
1429 1892 1553 1923 nostram
1578 1892 1688 1922 Ratum
1707 1891 1830 1922 Gratum
1853 1893 1886 1923 ἃς
1901 1891 2032 1921 Firmum
2052 1890 2197 1921 habituros
2218 1892 2247 1921 id
2269 1900 2368 1923 totum

1308 1932 1342 1964 &
1367 1931 1503 1971 quicquid
1525 1940 1573 1969 per
1596 1932 1689 1961 dieios
1712 1930 1863 1967 Oratores,
1889 1928 2125 1967 Commiffarios,
2151 1929 2368 1968 Procuratores,

1310 1969 1462 2008 Nuncios,
1477 1971 1509 2001 &
1527 1969 1684 2006 Deputatos
1706 1967 1817 1999 nostros
1838 1968 1883 1999 seu
1904 1978 2002 1999 eorum
2027 1978 2229 2006 quemcunque
2246 1970 2367 2007 Actum,

1310 2009 1450 2047 Gestum,
1468 2007 1831 2046 Conventum,Juratum,
1849 2016 1895 2037 aut
1912 2006 2032 2037 Fadium
2055 2005 2139 2037 fuerit
2162 2008 2190 2036 in
2206 2006 2370 2046 Praemiffis,

1310 2049 1343 2080 &
1366 2057 1466 2079 contra
1486 2057 1517 2078 ea
1539 2047 1584 2077 vel
1607 2057 1707 2077 eorum
1729 2046 1820 2084 aliqua
1841 2045 1921 2076 nullo
1937 2046 2028 2075 modo
2041 2046 2257 2082 contravenire,
2274 2046 2369 2076 immo

1310 2086 1366 2124 ipsa
1390 2086 1579 2116 Manutenere
1599 2087 1632 2117 ὃ(
1658 2085 1855 2116 inviolabiliter
1869 2083 2026 2115 Observare
2033 2106 2044 2122 ,
2063 2093 2096 2114 ac
2121 2093 2168 2121 per
2189 2082 2297 2115 nostras
2313 2083 2369 2116 Pa-

1310 2134 1398 2156 tentes
1415 2125 1519 2155 Literas
1533 2124 1709 2155 confirmare.

1348 2200 1382 2231 In
1407 2201 1488 2239 cujus
1509 2202 1549 2232 rei
1560 2200 1775 2231 Testimonium
1792 2198 1980 2230 Praesentibus
1998 2198 2069 2235 hin,
2087 2197 2181 2230 Manu
2204 2199 2301 2231 nostra
2316 2200 2368 2240 fig-

1310 2242 1398 2279 natis,
1417 2240 1548 2279 Sigillum
1571 2239 1700 2270 nostrum
1722 2238 1856 2269 duximus
1870 2237 2080 2275 apponendum.

1345 2316 1414 2347 Dat.
1443 2315 1558 2345 London
1587 2313 1688 2345 Primo
1715 2313 1762 2344 die
1792 2311 1933 2344 Ostobris
1954 2312 2042 2344 Anno
2064 2311 2188 2343 Domini
2210 2313 2372 2345 Millesirno

1310 2354 1535 2393 quingentesimo
1551 2353 1670 2383 decimo
1696 2352 1819 2390 oetavo,
1838 2351 1936 2389 Regni
1960 2355 2031 2382 vero
2053 2351 2142 2382 nostri
2157 2353 2285 2383 decimo.

1355 2429 1388 2461 In
1412 2440 1535 2469 quorum
1555 2431 1688 2460 omniurn
1717 2430 1750 2460 &
1774 2428 1946 2465 singulorum
1971 2427 2185 2460 Praernifforum
2215 2429 2316 2461 Fidem
2339 2431 2373 2461 δε

1311 2468 1529 2500 Testimonium
1545 2468 1628 2505 Nos,
1645 2468 1779 2498 Oratores
1794 2465 1987 2498 Commislarii
2011 2468 2043 2497 &
2068 2467 2270 2499 Procuratores
2293 2479 2373 2501 ante-

1311 2508 1383 2537 dicii
1408 2507 1533 2538 Domini
1559 2506 1646 2537 nostri
1669 2505 1903 2537 Christianiffimi
1923 2508 2000 2542 Regis
2019 2510 2202 2544 Francorum,
2226 2508 2373 2539 Praesenti-

1309 2547 1372 2614 1buis
1392 2545 1511 2584 Literis,
1530 2546 1550 2565 ²¹⁵
1571 2544 1709 2576 Manibus
1735 2544 1837 2575 nostris
1853 2544 2027 2582 subscriptis,
2051 2544 2146 2584 Sigilla
2171 2545 2267 2578 nostra
2283 2557 2374 2588 appo-

1322 2594 1422 2614 uimus.

1350 2662 1417 2693 Dat.
1435 2663 1463 2692 in
1479 2661 1552 2694 Urbe
1568 2662 1693 2692 London.
1712 2661 1758 2691 die
1777 2668 1881 2699 quarto
1898 2658 2007 2690 Mensis
2022 2659 2177 2701 Oitobris,
2195 2662 2284 2694 Anno
2306 2661 2373 2694 Do-

1312 2703 1383 2732 mini
1400 2701 1558 2732 Millesimo
1572 2700 1796 2740 quingentesimo
1810 2700 1929 2730 decimo
1943 2699 2061 2730 oCtavo.

1470 2778 1681 2817 Superplicam,

1347 2855 1388 2887 G.
1409 2854 1651 2887 GoUFFIER.

1350 2895 1612 2925 STEPHANUS
1634 2893 1909 2925 Paarsiausrs
1929 2890 2172 2931 Episcopus,

1350 2933 1382 2963 F.
1404 2942 1454 2963 DE
1476 2933 1849 2963 RocnsscnovART.

1350 2971 1411 3002 Dis
1433 2971 1711 3003 Navi-*vinni*u

1438 3048 1493 3079 Sub
1511 3048 1609 3088 Sigillis
1624 3048 1679 3087 luis
1687 3050 1781 3115 dcem
1792 3044 1879 3076 rubeae
1896 3057 1914 3075 a
1931 3045 2076 3084 duplicibus
2093 3046 2183 3078 caudis
2201 3048 2372 3086 Pergamena

1635 3095 1685 3124 pen
1707 3097 1738 3115 en
1754 3097 1764 3114 ι
1782 3095 1822 3114 us.

1517 3226 1677 3261 Trmffatus
1695 3236 1749 3272 pro
1773 3223 1993 3259 Deliberatione
2019 3227 2157 3259 Tornaci.

2372 190 2479 259 Ηὶἒῑὲ·

2393 2545 2410 2563 ³¹·
2435 2540 2524 2568 xm,

2417 2580 2483 2614 642.

1318 3312 1587 3368 UNivaitsm
1606 3319 1657 3342 ΕΤ
1676 3311 1904 3349 SINGULIS,
1922 3310 1957 3341 ad
1974 3320 2093 3349 quorum
2109 3310 2236 3342 Notitias
2257 3309 2375 3349 praesen-
2394 3297 2520 3331 Anu-D*

1393 3361 1433 3383 tes
1449 3353 1566 3382 Litterae
1589 3352 1783 3390 pervenerint,
1801 3349 1886 3388 Nos,
1904 3348 2066 3379 Guillermus
2086 3348 2204 3387 Gouffi'er
2226 3348 2372 3379 Dominus

1319 3391 1355 3422 de
1374 3390 1516 3421 Boniveto
1532 3389 1618 3419 Miles
1630 3388 1747 3419 Ordinis
1761 3397 1874 3418 necnon
1901 3386 2101 3418 Cambellanus
2125 3387 2292 3418 Ordinarius
2312 3385 2372 3417 Po-

1319 3429 1465 3461 tentissimi
1493 3429 1525 3459 &
1549 3427 1729 3458 Invidiiffimi
1751 3426 1874 3457 Domini
1893 3426 1982 3457 nostri
2002 3423 2133 3463 Francifci
2147 3448 2156 3463 ‚
2182 3424 2240 3455 Dei
2262 3425 2348 3464 gratia
2362 3447 2373 3464 ,

1320 3472 1481 3498 Francorum
1494 3470 1572 3504 Regis
1594 3464 1824 3496 Christianiffimi
1849 3475 1882 3495 ac
1904 3464 2084 3496 Admiraldus
2099 3463 2242 3501 Franciae,
2261 3463 2373 3501 Stepha-

2413 3338 2496 3377 1516.

2390 3380 2443 3404 An.
2466 3387 2508 3404 10.

2390 3419 2425 3443 H.
2449 3414 2477 3442 8.

2394 3457 2506 3489 Exue

1320 3518 1368 3536 nus
1392 3509 1423 3536 de
1445 3505 1564 3536 Poncher
1586 3505 1724 3543 Eptjcopux
1746 3503 1899 3548 Parificnfis
1913 3526 1923 3542 ,
1949 3501 2105 3542 franciscus
2129 3501 2162 3530 de
2184 3502 2375 3539 Rupecavarda·
2393 3500 2457 3529 ’οΡ·

1322 3544 1408 3575 Miles
1424 3544 1571 3575 Dominus
1586 3543 1622 3573 de
1637 3540 1867 3580 Campodenario
1881 3541 2051 3573 Senescallus
2058 3538 2243 3583 *Tbelo-13³3&
2259 3538 2377 3571 Guber-

1322 3594 1404 3613 nator
1424 3582 1554 3621 Rupellae
1575 3580 1776 3612 Cambellanus
1797 3580 1920 3619 ejusdem
1946 3577 2174 3621 Christianiffimi
2202 3577 2378 3621 Francorum

1323 3621 1428 3661 Regis,
1445 3622 1482 3655 «5»
1498 3619 1647 3650 Nicholaus
1661 3620 1694 3650 de
1710 3618 1855 3657 Neufville
1868 3620 1955 3650 etiam
1971 3615 2056 3647 Miles
2071 3615 2219 3659 Dominus
2239 3615 2274 3646 de
2292 3616 2378 3648 Ville-

1324 3670 1375 3698 roy
1405 3661 1576 3690 Secretarius
1601 3658 1800 3690 Financiarum
1827 3656 1955 3696 praedicti
1981 3653 2209 3697 Christianiffimi
2234 3653 2320 3698 Regis
2345 3666 2380 3688 ac

1325 3698 1530 3729 Audientiarius
1550 3698 1693 3735 Franciae,
1712 3696 1887 3733 Confiliarii,
1911 3693 2044 3724 Oratores
2078 3691 2291 3735 Commislarii,
2310 3692 2379 3724 Pro-

1326 3745 1486 3773 curatores,
1505 3738 1537 3767 &
1552 3734 1774 3767 Ambaffiitores
1790 3734 1859 3764 dieii
1871 3715 2100 3777 'Christianissimi
2112 3730 2210 3777 .R‘²i‘=’·¹⁵
2232 3731 2266 3761 ad
2287 3731 2379 3764 Infra-

1326 3775 1376 3805 scri
1398 3785 1424 3805 ta
1444 3774 1614 3806 sufficienter
1633 3775 1755 3813 deputati
1773 3772 1960 3809 &legittime
1974 3769 2135 3806 constituti,
2150 3768 2289 3813 Salutem.

1403 3821 1465 3843 UM
1484 3814 1568 3852 inter,
1591 3811 1804 3844 Potentiffimos
1831 3811 1864 3842 &
1887 3807 2089 3853 invidiisfimos
2108 3807 2273 3847 Principes,
2290 3812 2381 3843 Fran,—

1326 3851 1435 3890 cifium,
1454 3851 1512 3882 Dei
1526 3852 1644 3889 Gratia,
1662 3855 1824 3881 Francorum
1838 3849 1871 3880 &
1887 3849 2048 3890 Henn'cum,
2060 3845 2160 3877 eadem
2179 3844 2296 3885 Gratia,
2312 3850 2381 3878 Aro-

1320 3890 1383 3927 gliae
1403 3893 1484 3926 Reges
1498 3912 1507 3928 ,
1534 3889 1732 3921 indiisolubiiis
1760 3887 1906 3919 Amicitiae
1927 3885 1960 3914 &
1982 3884 2064 3915 Pacis
2092 3893 2234 3922 perpetuae
2260 3885 2381 3917 Foederz

1326 3928 1471 3958 contratsta
1495 3930 1528 3959 ὃς
1552 3929 1686 3959 conclusa
1706 3928 1823 3962 fuerint,
1844 3933 1946 3967 atque,
1972 3923 2010 3966 ad*
2032 3921 2188 3954 firmiorem
2213 3924 2382 3965 eorumdem

1325 3966 1479 3999 Foedetum
1494 3966 1789 4002 Corroborationem,
1806 3961 1960 3994 Affinitatis
1974 3961 2111 3999 Vincula,
2126 3971 2177 4001 per
2190 3961 2382 4031 Sponlaliffi
