<?xml version="1.0" encoding="UTF-8"?>
<!DOCTYPE html PUBLIC "-//W3C//DTD XHTML 1.0 Transitional//EN"
    "http://www.w3.org/TR/xhtml1/DTD/xhtml1-transitional.dtd">
<html xmlns="http://www.w3.org/1999/xhtml" xml:lang="en" lang="en">
 <head>
  <title>
</title>
<meta http-equiv="Content-Type" content="text/html;charset=utf-8" />
  <meta name='ocr-system' content='tesseract 3.04.00' />
  <meta name='ocr-capabilities' content='ocr_page ocr_carea ocr_par ocr_line ocrx_word'/>
</head>
<body>
  <div class='ocr_page' id='page_1' title='image "./fderaconventione06ryme_0250.png"; bbox 0 0 2542 4274; ppageno 0'>
   <div class='ocr_carea' id='block_1_1' title="bbox 118 111 148 150">
    <p class='ocr_par' dir='ltr' id='par_1_1' title="bbox 118 111 148 150">
     <span class='ocr_line' id='line_1_1' title="bbox 118 111 148 150; baseline 0 -12"><span class='ocrx_word' id='word_1_1' title='bbox 118 111 148 150; x_wconf 87' lang='lat'><em>4</em></span> 
     </span>
    </p>
   </div>
   <div class='ocr_carea' id='block_1_2' title="bbox 1 177 1199 216">
    <p class='ocr_par' dir='ltr' id='par_1_2' title="bbox 1 177 1199 216">
     <span class='ocr_line' id='line_1_2' title="bbox 1 177 1199 216; baseline -0.008 -1"><span class='ocrx_word' id='word_1_2' title='bbox 1 191 47 210; x_wconf 74' lang='lat' dir='ltr'>nn·</span> <span class='ocrx_word' id='word_1_3' title='bbox 65 177 107 210; x_wconf 89' lang='lat' dir='ltr'>D·</span> <span class='ocrx_word' id='word_1_4' title='bbox 127 184 256 214; x_wconf 68' lang='lat' dir='ltr'>&amp;ionem</span> <span class='ocrx_word' id='word_1_5' title='bbox 273 177 376 212; x_wconf 84' lang='lat' dir='ltr'>nostras</span> <span class='ocrx_word' id='word_1_6' title='bbox 388 179 434 211; x_wconf 86' lang='lat' dir='ltr'>vel</span> <span class='ocrx_word' id='word_1_7' title='bbox 447 180 513 211; x_wconf 84' lang='lat' dir='ltr'>alibi</span> <span class='ocrx_word' id='word_1_8' title='bbox 525 178 708 213; x_wconf 76' lang='lat' dir='ltr'>existentibus</span> <span class='ocrx_word' id='word_1_9' title='bbox 721 181 755 213; x_wconf 86' lang='lat'>&amp;</span> <span class='ocrx_word' id='word_1_10' title='bbox 771 181 799 210; x_wconf 89' lang='lat' dir='ltr'>in</span> <span class='ocrx_word' id='word_1_11' title='bbox 814 179 915 211; x_wconf 84' lang='lat' dir='ltr'>futuris</span> <span class='ocrx_word' id='word_1_12' title='bbox 933 177 1105 216; x_wconf 80' lang='lat' dir='ltr'>existendis,</span> <span class='ocrx_word' id='word_1_13' title='bbox 1129 185 1199 207; x_wconf 74' lang='lat' dir='ltr'>nec*</span> 
     </span>
    </p>
   </div>
   <div class='ocr_carea' id='block_1_3' title="bbox 0 227 79 285">
    <p class='ocr_par' dir='ltr' id='par_1_3' title="bbox 0 227 79 285">
     <span class='ocr_line' id='line_1_3' title="bbox 0 227 79 285; baseline -0.013 0"><span class='ocrx_word' id='word_1_14' title='bbox 0 227 79 285; x_wconf 48' lang='lat' dir='ltr'>{Q</span> 
     </span>
    </p>
   </div>
   <div class='ocr_carea' id='block_1_4' title="bbox 0 2159 100 2191">
    <p class='ocr_par' dir='ltr' id='par_1_4' title="bbox 0 2159 100 2191">
     <span class='ocr_line' id='line_1_4' title="bbox 0 2159 100 2191; baseline 0.01 -1"><span class='ocrx_word' id='word_1_15' title='bbox 0 2159 100 2191; x_wconf 60' lang='lat' dir='ltr'>kxiv.</span> 
     </span>
    </p>
   </div>
   <div class='ocr_carea' id='block_1_5' title="bbox 126 213 1201 259">
    <p class='ocr_par' dir='ltr' id='par_1_5' title="bbox 126 213 1201 259">
     <span class='ocr_line' id='line_1_5' title="bbox 126 213 1201 259; baseline -0.006 -7"><span class='ocrx_word' id='word_1_16' title='bbox 126 232 184 252; x_wconf 82' lang='lat' dir='ltr'>non</span> <span class='ocrx_word' id='word_1_17' title='bbox 200 220 375 259; x_wconf 80' lang='lat' dir='ltr'>MajoribuS,</span> <span class='ocrx_word' id='word_1_18' title='bbox 391 219 640 258; x_wconf 79' lang='lat' dir='ltr'>vicecomitibus,</span> <span class='ocrx_word' id='word_1_19' title='bbox 665 219 888 250; x_wconf 87' lang='lat' dir='ltr'>Constabulariis</span> <span class='ocrx_word' id='word_1_20' title='bbox 903 242 913 255; x_wconf 86' lang='lat'>,</span> <span class='ocrx_word' id='word_1_21' title='bbox 930 216 1058 255; x_wconf 84' lang='lat' dir='ltr'>Ballivis,</span> <span class='ocrx_word' id='word_1_22' title='bbox 1083 218 1118 248; x_wconf 69' lang='grc' dir='ltr'>ὃς</span> <span class='ocrx_word' id='word_1_23' title='bbox 1138 213 1201 245; x_wconf 85' lang='lat' dir='ltr'>Mi-</span> 
     </span>
    </p>
   </div>
   <div class='ocr_carea' id='block_1_6' title="bbox 80 255 1198 297">
    <p class='ocr_par' dir='ltr' id='par_1_6' title="bbox 80 255 1198 297">
     <span class='ocr_line' id='line_1_6' title="bbox 80 255 1198 297; baseline -0.007 -7"><span class='ocrx_word' id='word_1_24' title='bbox 80 279 86 285; x_wconf 80' lang='lat'><strong>·</strong></span> <span class='ocrx_word' id='word_1_25' title='bbox 125 261 232 297; x_wconf 68' lang='lat' dir='ltr'>nistris,</span> <span class='ocrx_word' id='word_1_26' title='bbox 252 269 284 290; x_wconf 89' lang='lat' dir='ltr'>ac</span> <span class='ocrx_word' id='word_1_27' title='bbox 301 259 436 289; x_wconf 86' lang='lat' dir='ltr'>omnibus</span> <span class='ocrx_word' id='word_1_28' title='bbox 450 258 508 289; x_wconf 86' lang='lat' dir='ltr'>aliis</span> <span class='ocrx_word' id='word_1_29' title='bbox 523 258 664 290; x_wconf 88' lang='lat' dir='ltr'>Fidelibus</span> <span class='ocrx_word' id='word_1_30' title='bbox 677 259 711 289; x_wconf 90' lang='lat'>&amp;</span> <span class='ocrx_word' id='word_1_31' title='bbox 729 258 826 295; x_wconf 85' lang='lat' dir='ltr'>Ligeis</span> <span class='ocrx_word' id='word_1_32' title='bbox 840 256 942 288; x_wconf 88' lang='lat' dir='ltr'>nostris</span> <span class='ocrx_word' id='word_1_33' title='bbox 961 255 1198 294; x_wconf 85' lang='lat' dir='ltr'>quibuscumque,</span> 
     </span>
    </p>
   </div>
   <div class='ocr_carea' id='block_1_7' title="bbox 121 293 1220 4045">
    <p class='ocr_par' dir='ltr' id='par_1_7' title="bbox 123 293 1198 405">
     <span class='ocr_line' id='line_1_7' title="bbox 125 293 1196 336; baseline -0.006 -8"><span class='ocrx_word' id='word_1_34' title='bbox 125 300 183 328; x_wconf 73' lang='lat' dir='ltr'>tarn</span> <span class='ocrx_word' id='word_1_35' title='bbox 200 298 269 327; x_wconf 83' lang='lat' dir='ltr'>infra</span> <span class='ocrx_word' id='word_1_36' title='bbox 288 296 447 328; x_wconf 87' lang='lat' dir='ltr'>Libertates</span> <span class='ocrx_word' id='word_1_37' title='bbox 462 299 549 335; x_wconf 70' lang='lat' dir='ltr'>quam</span> <span class='ocrx_word' id='word_1_38' title='bbox 563 306 656 336; x_wconf 82' lang='lat' dir='ltr'>extra,</span> <span class='ocrx_word' id='word_1_39' title='bbox 683 298 716 328; x_wconf 86' lang='lat'>&amp;</span> <span class='ocrx_word' id='word_1_40' title='bbox 738 298 799 326; x_wconf 75' lang='lat' dir='ltr'>tam</span> <span class='ocrx_word' id='word_1_41' title='bbox 821 305 872 334; x_wconf 85' lang='lat' dir='ltr'>per</span> <span class='ocrx_word' id='word_1_42' title='bbox 894 293 1015 326; x_wconf 82' lang='lat' dir='ltr'>Terram</span> <span class='ocrx_word' id='word_1_43' title='bbox 1039 296 1127 332; x_wconf 79' lang='lat' dir='ltr'>quam</span> <span class='ocrx_word' id='word_1_44' title='bbox 1147 300 1196 328; x_wconf 81' lang='lat' dir='ltr'>per</span> 
     </span>
     <span class='ocr_line' id='line_1_8' title="bbox 125 329 1198 373; baseline -0.006 -7"><span class='ocrx_word' id='word_1_45' title='bbox 125 336 209 366; x_wconf 86' lang='lat' dir='ltr'>Mare</span> <span class='ocrx_word' id='word_1_46' title='bbox 224 338 256 368; x_wconf 87' lang='lat'>&amp;</span> <span class='ocrx_word' id='word_1_47' title='bbox 275 336 371 373; x_wconf 85' lang='lat' dir='ltr'><strong>Aquas</strong></span> <span class='ocrx_word' id='word_1_48' title='bbox 390 336 488 367; x_wconf 81' lang='lat' dir='ltr'>dulces</span> <span class='ocrx_word' id='word_1_49' title='bbox 511 337 631 368; x_wconf 85' lang='lat' dir='ltr'>ubilibet</span> <span class='ocrx_word' id='word_1_50' title='bbox 652 334 828 372; x_wconf 90' lang='lat' dir='ltr'>constitutis,</span> <span class='ocrx_word' id='word_1_51' title='bbox 853 333 888 365; x_wconf 90' lang='lat' dir='ltr'>ad</span> <span class='ocrx_word' id='word_1_52' title='bbox 910 342 981 371; x_wconf 87' lang='lat' dir='ltr'>quos</span> <span class='ocrx_word' id='word_1_53' title='bbox 997 355 1008 371; x_wconf 88' lang='lat'>,</span> <span class='ocrx_word' id='word_1_54' title='bbox 1024 333 1090 363; x_wconf 75' lang='grc' dir='ltr'>διε.</span> <span class='ocrx_word' id='word_1_55' title='bbox 1118 329 1198 361; x_wconf 86' lang='lat' dir='ltr'>Salu-</span> 
     </span>
     <span class='ocr_line' id='line_1_9' title="bbox 123 383 192 405; baseline -0.014 0"><span class='ocrx_word' id='word_1_56' title='bbox 123 383 192 405; x_wconf 87' lang='lat' dir='ltr'>tem.</span> 
     </span>
    </p>

    <p class='ocr_par' dir='ltr' id='par_1_8' title="bbox 121 405 1205 1642">
     <span class='ocr_line' id='line_1_10' title="bbox 165 405 1198 450; baseline -0.008 -7"><span class='ocrx_word' id='word_1_57' title='bbox 165 413 264 443; x_wconf 85' lang='lat' dir='ltr'>Sciatis</span> <span class='ocrx_word' id='word_1_58' title='bbox 281 412 364 450; x_wconf 67' lang='lat' dir='ltr'>quud</span> <span class='ocrx_word' id='word_1_59' title='bbox 379 411 463 450; x_wconf 89' lang='lat' dir='ltr'>Nos,</span> <span class='ocrx_word' id='word_1_60' title='bbox 483 414 567 444; x_wconf 89' lang='lat' dir='ltr'>certis</span> <span class='ocrx_word' id='word_1_61' title='bbox 587 411 623 443; x_wconf 91' lang='lat' dir='ltr'>de</span> <span class='ocrx_word' id='word_1_62' title='bbox 646 411 743 442; x_wconf 85' lang='lat' dir='ltr'>Causis</span> <span class='ocrx_word' id='word_1_63' title='bbox 766 411 800 443; x_wconf 88' lang='lat'>&amp;</span> <span class='ocrx_word' id='word_1_64' title='bbox 821 407 1105 440; x_wconf 86' lang='lat' dir='ltr'>Confiderationibus</span> <span class='ocrx_word' id='word_1_65' title='bbox 1127 405 1198 450; x_wconf 83' lang='lat' dir='ltr'>Nos</span> 
     </span>
     <span class='ocr_line' id='line_1_11' title="bbox 125 446 1198 490; baseline -0.007 -9"><span class='ocrx_word' id='word_1_66' title='bbox 125 451 277 489; x_wconf 73' lang='lat' dir='ltr'>specialiter</span> <span class='ocrx_word' id='word_1_67' title='bbox 293 452 494 490; x_wconf 88' lang='lat' dir='ltr'>moventibus,</span> <span class='ocrx_word' id='word_1_68' title='bbox 512 452 547 483; x_wconf 89' lang='lat' dir='ltr'>de</span> <span class='ocrx_word' id='word_1_69' title='bbox 564 451 663 481; x_wconf 84' lang='lat' dir='ltr'>Gratia</span> <span class='ocrx_word' id='word_1_70' title='bbox 678 448 771 480; x_wconf 82' lang='lat' dir='ltr'>nostra</span> <span class='ocrx_word' id='word_1_71' title='bbox 787 449 951 487; x_wconf 88' lang='lat' dir='ltr'>speciali,ac</span> <span class='ocrx_word' id='word_1_72' title='bbox 965 457 998 479; x_wconf 82' lang='lat' dir='ltr'>ex</span> <span class='ocrx_word' id='word_1_73' title='bbox 1014 455 1090 490; x_wconf 81' lang='lat' dir='ltr'>certa</span> <span class='ocrx_word' id='word_1_74' title='bbox 1099 446 1198 476; x_wconf 87' lang='lat' dir='ltr'>Scien-</span> 
     </span>
     <span class='ocr_line' id='line_1_12' title="bbox 125 485 1198 528; baseline -0.006 -8"><span class='ocrx_word' id='word_1_75' title='bbox 125 492 163 521; x_wconf 91' lang='lat' dir='ltr'>tia</span> <span class='ocrx_word' id='word_1_76' title='bbox 177 491 210 521; x_wconf 66' lang='grc' dir='ltr'>ὃ(</span> <span class='ocrx_word' id='word_1_77' title='bbox 227 500 308 520; x_wconf 72' lang='lat' dir='ltr'>mero</span> <span class='ocrx_word' id='word_1_78' title='bbox 324 489 413 520; x_wconf 90' lang='lat' dir='ltr'>Motu</span> <span class='ocrx_word' id='word_1_79' title='bbox 429 491 541 528; x_wconf 87' lang='lat' dir='ltr'>nostris,</span> <span class='ocrx_word' id='word_1_80' title='bbox 557 487 756 520; x_wconf 74' lang='lat' dir='ltr'>concessimus</span> <span class='ocrx_word' id='word_1_81' title='bbox 773 488 805 518; x_wconf 72' lang='grc' dir='ltr'>ἃ</span> <span class='ocrx_word' id='word_1_82' title='bbox 823 487 984 517; x_wconf 88' lang='lat' dir='ltr'>Licentiam</span> <span class='ocrx_word' id='word_1_83' title='bbox 1000 485 1150 521; x_wconf 77' lang='lat' dir='ltr'>Dedimus,</span> <span class='ocrx_word' id='word_1_84' title='bbox 1164 492 1198 527; x_wconf 70' lang='lat' dir='ltr'>ac</span> 
     </span>
     <span class='ocr_line' id='line_1_13' title="bbox 124 522 1199 566; baseline -0.005 -8"><span class='ocrx_word' id='word_1_85' title='bbox 124 537 175 566; x_wconf 88' lang='lat' dir='ltr'>per</span> <span class='ocrx_word' id='word_1_86' title='bbox 190 528 341 560; x_wconf 85' lang='lat' dir='ltr'>Praesentes</span> <span class='ocrx_word' id='word_1_87' title='bbox 364 528 562 559; x_wconf 86' lang='lat' dir='ltr'>Concedimus</span> <span class='ocrx_word' id='word_1_88' title='bbox 585 529 618 560; x_wconf 88' lang='lat'>&amp;</span> <span class='ocrx_word' id='word_1_89' title='bbox 640 526 801 557; x_wconf 90' lang='lat' dir='ltr'>Licentiam</span> <span class='ocrx_word' id='word_1_90' title='bbox 823 525 936 556; x_wconf 85' lang='lat' dir='ltr'>Damus</span> <span class='ocrx_word' id='word_1_91' title='bbox 956 524 1078 555; x_wconf 68' lang='lat' dir='ltr'>Dilecto</span> <span class='ocrx_word' id='word_1_92' title='bbox 1099 522 1199 566; x_wconf 79' lang='lat' dir='ltr'>Nobis</span> 
     </span>
     <span class='ocr_line' id='line_1_14' title="bbox 125 563 1199 606; baseline -0.007 -9"><span class='ocrx_word' id='word_1_93' title='bbox 125 566 235 597; x_wconf 84' lang='lat' dir='ltr'>Thomae</span> <span class='ocrx_word' id='word_1_94' title='bbox 254 567 385 605; x_wconf 78' lang='lat' dir='ltr'>Barnaby</span> <span class='ocrx_word' id='word_1_95' title='bbox 402 565 470 598; x_wconf 92' lang='lat' dir='ltr'>Civi</span> <span class='ocrx_word' id='word_1_96' title='bbox 488 568 520 599; x_wconf 91' lang='lat'>&amp;</span> <span class='ocrx_word' id='word_1_97' title='bbox 538 566 694 597; x_wconf 84' lang='lat' dir='ltr'>Mercatori</span> <span class='ocrx_word' id='word_1_98' title='bbox 710 563 840 594; x_wconf 89' lang='lat' dir='ltr'>Civitatis</span> <span class='ocrx_word' id='word_1_99' title='bbox 853 563 957 594; x_wconf 82' lang='lat' dir='ltr'>nostrae</span> <span class='ocrx_word' id='word_1_100' title='bbox 975 563 1199 606; x_wconf 76' lang='lat' dir='ltr'>Londoniae,nC,</span> 
     </span>
     <span class='ocr_line' id='line_1_15' title="bbox 125 599 1200 644; baseline -0.007 -9"><span class='ocrx_word' id='word_1_101' title='bbox 125 604 250 637; x_wconf 66' lang='lat' dir='ltr'>Diled’tis</span> <span class='ocrx_word' id='word_1_102' title='bbox 263 606 454 636; x_wconf 80' lang='lat' dir='ltr'>servientibus</span> <span class='ocrx_word' id='word_1_103' title='bbox 467 605 588 642; x_wconf 86' lang='lat' dir='ltr'>nostris,</span> <span class='ocrx_word' id='word_1_104' title='bbox 606 602 701 634; x_wconf 86' lang='lat' dir='ltr'>Alano</span> <span class='ocrx_word' id='word_1_105' title='bbox 716 605 797 641; x_wconf 79' lang='lat' dir='ltr'><em>Kyng</em></span> <span class='ocrx_word' id='word_1_106' title='bbox 815 602 937 633; x_wconf 66' lang='lat' dir='ltr'>Vale&amp;o</span> <span class='ocrx_word' id='word_1_107' title='bbox 953 601 1093 633; x_wconf 74' lang='lat' dir='ltr'>Prowsori</span> <span class='ocrx_word' id='word_1_108' title='bbox 1105 599 1200 644; x_wconf 64' lang='lat' dir='ltr'>yino·</span> 
     </span>
     <span class='ocr_line' id='line_1_16' title="bbox 128 640 1199 681; baseline -0.007 -7"><span class='ocrx_word' id='word_1_109' title='bbox 128 654 194 674; x_wconf 89' lang='lat' dir='ltr'>rum</span> <span class='ocrx_word' id='word_1_110' title='bbox 210 643 396 681; x_wconf 87' lang='lat' dir='ltr'>nostrorum,</span> <span class='ocrx_word' id='word_1_111' title='bbox 416 645 447 674; x_wconf 75' lang='grc' dir='ltr'>ὅ(</span> <span class='ocrx_word' id='word_1_112' title='bbox 464 647 580 673; x_wconf 83' lang='lat' dir='ltr'>Henrico</span> <span class='ocrx_word' id='word_1_113' title='bbox 594 645 666 679; x_wconf 81' lang='lat' dir='ltr'>Page</span> <span class='ocrx_word' id='word_1_114' title='bbox 680 641 802 672; x_wconf 70' lang='lat' dir='ltr'>Valeeto</span> <span class='ocrx_word' id='word_1_115' title='bbox 813 641 967 672; x_wconf 84' lang='lat' dir='ltr'>Obbarum</span> <span class='ocrx_word' id='word_1_116' title='bbox 988 640 1122 671; x_wconf 85' lang='lat' dir='ltr'>Celerarii</span> <span class='ocrx_word' id='word_1_117' title='bbox 1145 647 1199 668; x_wconf 88' lang='lat' dir='ltr'>no—</span> 
     </span>
     <span class='ocr_line' id='line_1_17' title="bbox 128 676 1200 722; baseline -0.006 -9"><span class='ocrx_word' id='word_1_118' title='bbox 128 683 195 722; x_wconf 80' lang='lat' dir='ltr'>stri,</span> <span class='ocrx_word' id='word_1_119' title='bbox 214 693 333 714; x_wconf 84' lang='lat' dir='ltr'>necnon</span> <span class='ocrx_word' id='word_1_120' title='bbox 350 682 469 712; x_wconf 61' lang='lat' dir='ltr'>Dilecto</span> <span class='ocrx_word' id='word_1_121' title='bbox 484 682 584 712; x_wconf 91' lang='lat' dir='ltr'>Nobis</span> <span class='ocrx_word' id='word_1_122' title='bbox 606 683 751 711; x_wconf 81' lang='lat' dir='ltr'>Vincentio</span> <span class='ocrx_word' id='word_1_123' title='bbox 776 681 877 720; x_wconf 85' lang='lat' dir='ltr'>Eymer</span> <span class='ocrx_word' id='word_1_124' title='bbox 898 680 935 710; x_wconf 90' lang='lat' dir='ltr'>de</span> <span class='ocrx_word' id='word_1_125' title='bbox 955 679 1087 710; x_wconf 86' lang='lat' dir='ltr'>Partibus</span> <span class='ocrx_word' id='word_1_126' title='bbox 1109 676 1200 707; x_wconf 90' lang='lat' dir='ltr'>Pede-</span> 
     </span>
     <span class='ocr_line' id='line_1_18' title="bbox 126 714 1200 757; baseline -0.008 -5"><span class='ocrx_word' id='word_1_127' title='bbox 126 723 272 752; x_wconf 88' lang='lat' dir='ltr'>montium</span> <span class='ocrx_word' id='word_1_128' title='bbox 288 723 316 751; x_wconf 91' lang='lat' dir='ltr'>in</span> <span class='ocrx_word' id='word_1_129' title='bbox 332 720 450 751; x_wconf 83' lang='lat' dir='ltr'>Ducatu</span> <span class='ocrx_word' id='word_1_130' title='bbox 466 719 613 750; x_wconf 72' lang='lat' dir='ltr'>Sabaudiae</span> <span class='ocrx_word' id='word_1_131' title='bbox 626 719 677 749; x_wconf 90' lang='lat' dir='ltr'>sub</span> <span class='ocrx_word' id='word_1_132' title='bbox 690 717 891 757; x_wconf 66' lang='lat' dir='ltr'>jurisdictione</span> <span class='ocrx_word' id='word_1_133' title='bbox 915 718 1040 756; x_wconf 73' lang='lat' dir='ltr'>caeflrriae</span> <span class='ocrx_word' id='word_1_134' title='bbox 1062 714 1200 753; x_wconf 72' lang='lat' dir='ltr'>Mayesta-</span> 
     </span>
     <span class='ocr_line' id='line_1_19' title="bbox 127 755 1199 797; baseline -0.007 -7"><span class='ocrx_word' id='word_1_135' title='bbox 127 764 164 790; x_wconf 82' lang='lat' dir='ltr'>tis</span> <span class='ocrx_word' id='word_1_136' title='bbox 179 760 353 797; x_wconf 79' lang='lat' dir='ltr'>Mercatori,</span> <span class='ocrx_word' id='word_1_137' title='bbox 370 758 450 796; x_wconf 79' lang='lat' dir='ltr'>quod</span> <span class='ocrx_word' id='word_1_138' title='bbox 465 758 513 796; x_wconf 86' lang='lat' dir='ltr'>ipsi</span> <span class='ocrx_word' id='word_1_139' title='bbox 530 766 579 794; x_wconf 88' lang='lat' dir='ltr'>per</span> <span class='ocrx_word' id='word_1_140' title='bbox 594 757 647 795; x_wconf 88' lang='lat' dir='ltr'>Se,</span> <span class='ocrx_word' id='word_1_141' title='bbox 665 758 710 788; x_wconf 89' lang='lat' dir='ltr'>vel</span> <span class='ocrx_word' id='word_1_142' title='bbox 728 764 829 786; x_wconf 89' lang='lat' dir='ltr'>eorum</span> <span class='ocrx_word' id='word_1_143' title='bbox 846 759 972 794; x_wconf 81' lang='lat' dir='ltr'>aliquem</span> <span class='ocrx_word' id='word_1_144' title='bbox 987 778 997 794; x_wconf 91' lang='lat'>,</span> <span class='ocrx_word' id='word_1_145' title='bbox 1021 764 1067 786; x_wconf 72' lang='lat' dir='ltr'>aui</span> <span class='ocrx_word' id='word_1_146' title='bbox 1091 755 1199 791; x_wconf 79' lang='lat' dir='ltr'>aliquos</span> 
     </span>
     <span class='ocr_line' id='line_1_20' title="bbox 126 793 1202 836; baseline -0.007 -6"><span class='ocrx_word' id='word_1_147' title='bbox 126 799 304 836; x_wconf 87' lang='lat' dir='ltr'>Servientes,</span> <span class='ocrx_word' id='word_1_148' title='bbox 323 797 471 835; x_wconf 65' lang='lat' dir='ltr'>Factores,</span> <span class='ocrx_word' id='word_1_149' title='bbox 488 796 651 834; x_wconf 84' lang='lat' dir='ltr'>Deputatos</span> <span class='ocrx_word' id='word_1_150' title='bbox 663 819 673 834; x_wconf 93' lang='lat'>,</span> <span class='ocrx_word' id='word_1_151' title='bbox 691 795 869 834; x_wconf 82' lang='lat' dir='ltr'>Affignatos,</span> <span class='ocrx_word' id='word_1_152' title='bbox 888 796 922 826; x_wconf 89' lang='lat'>&amp;</span> <span class='ocrx_word' id='word_1_153' title='bbox 944 794 1111 826; x_wconf 74' lang='lat' dir='ltr'>Attornatos</span> <span class='ocrx_word' id='word_1_154' title='bbox 1128 793 1202 829; x_wconf 72' lang='lat' dir='ltr'>sum,</span> 
     </span>
     <span class='ocr_line' id='line_1_21' title="bbox 125 827 1201 874; baseline -0.007 -5"><span class='ocrx_word' id='word_1_155' title='bbox 125 847 173 868; x_wconf 85' lang='lat' dir='ltr'>aut</span> <span class='ocrx_word' id='word_1_156' title='bbox 188 847 290 869; x_wconf 87' lang='lat' dir='ltr'>eorum</span> <span class='ocrx_word' id='word_1_157' title='bbox 305 835 434 873; x_wconf 88' lang='lat' dir='ltr'>alicujus,</span> <span class='ocrx_word' id='word_1_158' title='bbox 449 835 496 866; x_wconf 87' lang='lat' dir='ltr'>vel</span> <span class='ocrx_word' id='word_1_159' title='bbox 510 834 669 874; x_wconf 86' lang='lat' dir='ltr'>aliquorum</span> <span class='ocrx_word' id='word_1_160' title='bbox 684 833 833 873; x_wconf 85' lang='lat' dir='ltr'>Indigenas</span> <span class='ocrx_word' id='word_1_161' title='bbox 850 834 895 865; x_wconf 91' lang='lat' dir='ltr'>vel</span> <span class='ocrx_word' id='word_1_162' title='bbox 911 827 1091 871; x_wconf 76' lang='lat' dir='ltr'>Alienigenas</span> <span class='ocrx_word' id='word_1_163' title='bbox 1102 855 1111 870; x_wconf 88' lang='lat'>,</span> <span class='ocrx_word' id='word_1_164' title='bbox 1137 840 1201 868; x_wconf 88' lang='lat' dir='ltr'>aut,</span> 
     </span>
     <span class='ocr_line' id='line_1_22' title="bbox 126 870 1202 916; baseline -0.006 -10"><span class='ocrx_word' id='word_1_165' title='bbox 126 876 191 916; x_wconf 85' lang='lat' dir='ltr'>ipiis</span> <span class='ocrx_word' id='word_1_166' title='bbox 209 876 378 912; x_wconf 60' lang='lat' dir='ltr'>Defuntstis,</span> <span class='ocrx_word' id='word_1_167' title='bbox 396 883 443 904; x_wconf 85' lang='lat' dir='ltr'>aut</span> <span class='ocrx_word' id='word_1_168' title='bbox 457 884 557 905; x_wconf 89' lang='lat' dir='ltr'>eorum</span> <span class='ocrx_word' id='word_1_169' title='bbox 581 874 676 911; x_wconf 87' lang='lat' dir='ltr'>aliquo</span> <span class='ocrx_word' id='word_1_170' title='bbox 701 873 855 904; x_wconf 63' lang='lat' dir='ltr'>Defunt‘sto</span> <span class='ocrx_word' id='word_1_171' title='bbox 869 895 879 911; x_wconf 90' lang='lat'>,</span> <span class='ocrx_word' id='word_1_172' title='bbox 905 872 1078 902; x_wconf 82' lang='lat' dir='ltr'>Executores</span> <span class='ocrx_word' id='word_1_173' title='bbox 1091 870 1202 914; x_wconf 30' lang='lat' dir='ltr'>*Testa-</span> 
     </span>
     <span class='ocr_line' id='line_1_23' title="bbox 127 910 1201 948; baseline -0.007 -3"><span class='ocrx_word' id='word_1_174' title='bbox 127 916 220 945; x_wconf 84' lang='lat' dir='ltr'>menti</span> <span class='ocrx_word' id='word_1_175' title='bbox 236 915 279 944; x_wconf 88' lang='lat' dir='ltr'>vel</span> <span class='ocrx_word' id='word_1_176' title='bbox 300 912 547 944; x_wconf 86' lang='lat' dir='ltr'>Administratores</span> <span class='ocrx_word' id='word_1_177' title='bbox 560 912 708 943; x_wconf 89' lang='lat' dir='ltr'>Bonorum</span> <span class='ocrx_word' id='word_1_178' title='bbox 733 912 851 943; x_wconf 88' lang='lat' dir='ltr'>suorum</span> <span class='ocrx_word' id='word_1_179' title='bbox 873 920 920 941; x_wconf 87' lang='lat' dir='ltr'>aut</span> <span class='ocrx_word' id='word_1_180' title='bbox 939 921 1043 941; x_wconf 90' lang='lat' dir='ltr'>eorum</span> <span class='ocrx_word' id='word_1_181' title='bbox 1062 910 1179 948; x_wconf 77' lang='lat' dir='ltr'>alicujus</span> <span class='ocrx_word' id='word_1_182' title='bbox 1191 930 1201 945; x_wconf 88' lang='lat'>,</span> 
     </span>
     <span class='ocr_line' id='line_1_24' title="bbox 130 948 1201 991; baseline -0.007 -7"><span class='ocrx_word' id='word_1_183' title='bbox 130 954 176 984; x_wconf 89' lang='lat' dir='ltr'>vel</span> <span class='ocrx_word' id='word_1_184' title='bbox 192 954 274 991; x_wconf 84' lang='lat' dir='ltr'>aliqui</span> <span class='ocrx_word' id='word_1_185' title='bbox 296 952 457 991; x_wconf 78' lang='lat' dir='ltr'>hujusmodi</span> <span class='ocrx_word' id='word_1_186' title='bbox 476 952 674 982; x_wconf 84' lang='lat' dir='ltr'>Executorum</span> <span class='ocrx_word' id='word_1_187' title='bbox 696 952 742 981; x_wconf 88' lang='lat' dir='ltr'>vel</span> <span class='ocrx_word' id='word_1_188' title='bbox 765 949 1044 981; x_wconf 86' lang='lat' dir='ltr'>Administratorum</span> <span class='ocrx_word' id='word_1_189' title='bbox 1063 949 1142 986; x_wconf 88' lang='lat' dir='ltr'>super</span> <span class='ocrx_word' id='word_1_190' title='bbox 1164 948 1201 977; x_wconf 86' lang='lat' dir='ltr'>Se</span> 
     </span>
     <span class='ocr_line' id='line_1_25' title="bbox 126 987 1201 1030; baseline -0.005 -8"><span class='ocrx_word' id='word_1_191' title='bbox 126 992 312 1030; x_wconf 77' lang='lat' dir='ltr'>assumenteS,</span> <span class='ocrx_word' id='word_1_192' title='bbox 328 999 376 1029; x_wconf 88' lang='lat' dir='ltr'>per</span> <span class='ocrx_word' id='word_1_193' title='bbox 392 990 447 1030; x_wconf 89' lang='lat' dir='ltr'>Se,</span> <span class='ocrx_word' id='word_1_194' title='bbox 464 990 641 1027; x_wconf 85' lang='lat' dir='ltr'>Servientes,</span> <span class='ocrx_word' id='word_1_195' title='bbox 659 987 810 1026; x_wconf 60' lang='lat' dir='ltr'>Faetores,</span> <span class='ocrx_word' id='word_1_196' title='bbox 831 987 1005 1026; x_wconf 85' lang='lat' dir='ltr'>Deputatos,</span> <span class='ocrx_word' id='word_1_197' title='bbox 1024 987 1201 1027; x_wconf 69' lang='lat' dir='ltr'>Affignazos,</span> 
     </span>
     <span class='ocr_line' id='line_1_26' title="bbox 128 1026 1202 1066; baseline -0.005 -5"><span class='ocrx_word' id='word_1_198' title='bbox 128 1030 176 1062; x_wconf 87' lang='lat' dir='ltr'>vel</span> <span class='ocrx_word' id='word_1_199' title='bbox 192 1030 360 1062; x_wconf 88' lang='lat' dir='ltr'>Attornatos</span> <span class='ocrx_word' id='word_1_200' title='bbox 376 1030 438 1060; x_wconf 88' lang='lat' dir='ltr'>suos</span> <span class='ocrx_word' id='word_1_201' title='bbox 452 1037 498 1060; x_wconf 89' lang='lat' dir='ltr'>aut</span> <span class='ocrx_word' id='word_1_202' title='bbox 514 1039 614 1060; x_wconf 89' lang='lat' dir='ltr'>eorum</span> <span class='ocrx_word' id='word_1_203' title='bbox 629 1028 761 1066; x_wconf 69' lang='lat' dir='ltr'>alicujus,</span> <span class='ocrx_word' id='word_1_204' title='bbox 783 1028 936 1066; x_wconf 84' lang='lat' dir='ltr'>Anglicos,</span> <span class='ocrx_word' id='word_1_205' title='bbox 953 1026 1108 1065; x_wconf 86' lang='lat' dir='ltr'>Hispanos,</span> <span class='ocrx_word' id='word_1_206' title='bbox 1116 1026 1202 1056; x_wconf 89' lang='lat' dir='ltr'>Fran-</span> 
     </span>
     <span class='ocr_line' id='line_1_27' title="bbox 128 1065 1203 1106; baseline -0.007 -5"><span class='ocrx_word' id='word_1_207' title='bbox 128 1079 196 1106; x_wconf 87' lang='lat' dir='ltr'>cos,</span> <span class='ocrx_word' id='word_1_208' title='bbox 221 1069 364 1106; x_wconf 86' lang='lat' dir='ltr'>Britones,</span> <span class='ocrx_word' id='word_1_209' title='bbox 388 1067 595 1106; x_wconf 89' lang='lat' dir='ltr'>Pedemontes,</span> <span class='ocrx_word' id='word_1_210' title='bbox 629 1067 685 1098; x_wconf 91' lang='lat' dir='ltr'>five</span> <span class='ocrx_word' id='word_1_211' title='bbox 703 1067 873 1106; x_wconf 77' lang='lat' dir='ltr'>januenses,</span> <span class='ocrx_word' id='word_1_212' title='bbox 895 1073 942 1096; x_wconf 88' lang='lat' dir='ltr'>aut</span> <span class='ocrx_word' id='word_1_213' title='bbox 963 1066 1030 1097; x_wconf 87' lang='lat' dir='ltr'>alios</span> <span class='ocrx_word' id='word_1_214' title='bbox 1048 1065 1203 1101; x_wconf 86' lang='lat' dir='ltr'>Indigenas</span> 
     </span>
     <span class='ocr_line' id='line_1_28' title="bbox 129 1103 1202 1146; baseline -0.005 -7"><span class='ocrx_word' id='word_1_215' title='bbox 129 1109 175 1139; x_wconf 90' lang='lat' dir='ltr'>vel</span> <span class='ocrx_word' id='word_1_216' title='bbox 195 1108 371 1146; x_wconf 81' lang='lat' dir='ltr'>Alienigenas</span> <span class='ocrx_word' id='word_1_217' title='bbox 409 1106 599 1145; x_wconf 88' lang='lat' dir='ltr'>uoscumque,</span> <span class='ocrx_word' id='word_1_218' title='bbox 616 1105 789 1136; x_wconf 86' lang='lat' dir='ltr'>Numerum</span> <span class='ocrx_word' id='word_1_219' title='bbox 805 1106 838 1137; x_wconf 92' lang='lat'>&amp;</span> <span class='ocrx_word' id='word_1_220' title='bbox 857 1105 1053 1144; x_wconf 82' lang='lat' dir='ltr'>Quantitatem</span> <span class='ocrx_word' id='word_1_221' title='bbox 1068 1103 1153 1135; x_wconf 85' lang='lat' dir='ltr'>Mille</span> <span class='ocrx_word' id='word_1_222' title='bbox 1168 1104 1202 1134; x_wconf 93' lang='lat'>&amp;</span> 
     </span>
     <span class='ocr_line' id='line_1_29' title="bbox 131 1142 1203 1186; baseline -0.004 -10"><span class='ocrx_word' id='word_1_223' title='bbox 131 1147 369 1186; x_wconf 81' lang='lat' dir='ltr'>Quingentorum</span> <span class='ocrx_word' id='word_1_224' title='bbox 418 1145 540 1176; x_wconf 91' lang='lat' dir='ltr'>oliorum</span> <span class='ocrx_word' id='word_1_225' title='bbox 554 1145 611 1176; x_wconf 89' lang='lat' dir='ltr'>five</span> <span class='ocrx_word' id='word_1_226' title='bbox 626 1144 837 1182; x_wconf 87' lang='lat' dir='ltr'>Tonellorum,</span> <span class='ocrx_word' id='word_1_227' title='bbox 860 1151 1031 1174; x_wconf 87' lang='lat' dir='ltr'>vocatorum</span> <span class='ocrx_word' id='word_1_228' title='bbox 1055 1145 1093 1173; x_wconf 90' lang='lat' dir='ltr'><em>A</em></span> <span class='ocrx_word' id='word_1_229' title='bbox 1113 1142 1203 1173; x_wconf 62' lang='lat' dir='ltr'>{lhota-</span> 
     </span>
     <span class='ocr_line' id='line_1_30' title="bbox 121 1181 1202 1226; baseline -0.003 -11"><span class='ocrx_word' id='word_1_230' title='bbox 121 1186 201 1226; x_wconf 65' lang='lat' dir='ltr'>and</span> <span class='ocrx_word' id='word_1_231' title='bbox 213 1185 273 1215; x_wconf 87' lang='lat' dir='ltr'>and</span> <span class='ocrx_word' id='word_1_232' title='bbox 285 1187 359 1224; x_wconf 82' lang='lat' dir='ltr'>Fyve</span> <span class='ocrx_word' id='word_1_233' title='bbox 376 1184 525 1214; x_wconf 81' lang='lat' dir='ltr'>Hundreth</span> <span class='ocrx_word' id='word_1_234' title='bbox 538 1186 640 1214; x_wconf 84' lang='lat' dir='ltr'>Tonnes</span> <span class='ocrx_word' id='word_1_235' title='bbox 653 1184 713 1213; x_wconf 81' lang='lat' dir='ltr'>and</span> <span class='ocrx_word' id='word_1_236' title='bbox 732 1186 788 1213; x_wconf 89' lang='lat' dir='ltr'>Ton</span> <span class='ocrx_word' id='word_1_237' title='bbox 809 1181 897 1222; x_wconf 62' lang='lat' dir='ltr'><em>Zyght</em></span> <span class='ocrx_word' id='word_1_238' title='bbox 910 1205 920 1221; x_wconf 92' lang='lat'>,</span> <span class='ocrx_word' id='word_1_239' title='bbox 945 1181 1093 1214; x_wconf 88' lang='lat' dir='ltr'>Bonorum</span> <span class='ocrx_word' id='word_1_240' title='bbox 1103 1205 1112 1221; x_wconf 91' lang='lat'>,</span> <span class='ocrx_word' id='word_1_241' title='bbox 1139 1181 1202 1212; x_wconf 86' lang='lat' dir='ltr'>Re-</span> 
     </span>
     <span class='ocr_line' id='line_1_31' title="bbox 129 1220 1200 1261; baseline -0.003 -7"><span class='ocrx_word' id='word_1_242' title='bbox 129 1233 210 1259; x_wconf 85' lang='lat' dir='ltr'>rum,</span> <span class='ocrx_word' id='word_1_243' title='bbox 231 1222 498 1261; x_wconf 86' lang='lat' dir='ltr'>Mercandisarum,</span> <span class='ocrx_word' id='word_1_244' title='bbox 517 1221 684 1260; x_wconf 88' lang='lat' dir='ltr'>Mercium,</span> <span class='ocrx_word' id='word_1_245' title='bbox 704 1222 737 1253; x_wconf 89' lang='lat'>&amp;</span> <span class='ocrx_word' id='word_1_246' title='bbox 762 1221 1029 1253; x_wconf 88' lang='lat' dir='ltr'>Mercimoniorum</span> <span class='ocrx_word' id='word_1_247' title='bbox 1052 1221 1088 1251; x_wconf 87' lang='lat' dir='ltr'>de</span> <span class='ocrx_word' id='word_1_248' title='bbox 1112 1220 1200 1252; x_wconf 88' lang='lat' dir='ltr'>Parti·</span> 
     </span>
     <span class='ocr_line' id='line_1_32' title="bbox 128 1260 1202 1300; baseline -0.004 -6"><span class='ocrx_word' id='word_1_249' title='bbox 128 1264 182 1295; x_wconf 89' lang='lat' dir='ltr'>bus</span> <span class='ocrx_word' id='word_1_250' title='bbox 197 1262 324 1294; x_wconf 91' lang='lat' dir='ltr'>Ditionis</span> <span class='ocrx_word' id='word_1_251' title='bbox 338 1264 415 1300; x_wconf 79' lang='lat' dir='ltr'>Regis</span> <span class='ocrx_word' id='word_1_252' title='bbox 438 1264 578 1300; x_wconf 80' lang='lat' dir='ltr'>Franciae,</span> <span class='ocrx_word' id='word_1_253' title='bbox 596 1269 644 1291; x_wconf 88' lang='lat' dir='ltr'>aut</span> <span class='ocrx_word' id='word_1_254' title='bbox 664 1261 783 1292; x_wconf 84' lang='lat' dir='ltr'>aliarum</span> <span class='ocrx_word' id='word_1_255' title='bbox 804 1260 959 1291; x_wconf 85' lang='lat' dir='ltr'>Terrarum</span> <span class='ocrx_word' id='word_1_256' title='bbox 979 1260 1026 1290; x_wconf 92' lang='lat' dir='ltr'>seu</span> <span class='ocrx_word' id='word_1_257' title='bbox 1046 1260 1202 1291; x_wconf 87' lang='lat' dir='ltr'>Patriarum</span> 
     </span>
     <span class='ocr_line' id='line_1_33' title="bbox 128 1297 1203 1341; baseline -0.004 -9"><span class='ocrx_word' id='word_1_258' title='bbox 128 1310 395 1341; x_wconf 85' lang='lat' dir='ltr'>quarumcumque,</span> <span class='ocrx_word' id='word_1_259' title='bbox 414 1299 563 1337; x_wconf 87' lang='lat' dir='ltr'>videlicet,</span> <span class='ocrx_word' id='word_1_260' title='bbox 582 1300 618 1330; x_wconf 91' lang='lat' dir='ltr'>de</span> <span class='ocrx_word' id='word_1_261' title='bbox 634 1297 733 1338; x_wconf 90' lang='lat' dir='ltr'>Vinis,</span> <span class='ocrx_word' id='word_1_262' title='bbox 752 1297 890 1337; x_wconf 86' lang='lat' dir='ltr'>Gualdis,</span> <span class='ocrx_word' id='word_1_263' title='bbox 910 1299 966 1331; x_wconf 91' lang='lat' dir='ltr'>sive</span> <span class='ocrx_word' id='word_1_264' title='bbox 980 1298 1105 1330; x_wconf 86' lang='lat' dir='ltr'>Pastellis</span> <span class='ocrx_word' id='word_1_265' title='bbox 1121 1323 1133 1337; x_wconf 82' lang='lat'>‚</span> <span class='ocrx_word' id='word_1_266' title='bbox 1150 1309 1203 1330; x_wconf 89' lang='lat' dir='ltr'>vo-</span> 
     </span>
     <span class='ocr_line' id='line_1_34' title="bbox 129 1337 1204 1378; baseline -0.006 -6"><span class='ocrx_word' id='word_1_267' title='bbox 129 1342 198 1372; x_wconf 91' lang='lat' dir='ltr'>catis</span> <span class='ocrx_word' id='word_1_268' title='bbox 215 1339 362 1378; x_wconf 64' lang='lat' dir='ltr'><em>Thouloql}</em></span> <span class='ocrx_word' id='word_1_269' title='bbox 382 1338 487 1376; x_wconf 82' lang='lat' dir='ltr'>Woad,</span> <span class='ocrx_word' id='word_1_270' title='bbox 514 1337 569 1369; x_wconf 82' lang='lat' dir='ltr'>Sali</span> <span class='ocrx_word' id='word_1_271' title='bbox 588 1338 664 1369; x_wconf 88' lang='lat' dir='ltr'>dele</span> <span class='ocrx_word' id='word_1_272' title='bbox 685 1338 740 1378; x_wconf 90' lang='lat' dir='ltr'>Bay</span> <span class='ocrx_word' id='word_1_273' title='bbox 757 1361 767 1376; x_wconf 89' lang='lat'>‚</span> <span class='ocrx_word' id='word_1_274' title='bbox 793 1339 944 1378; x_wconf 84' lang='lat' dir='ltr'>vulgariter</span> <span class='ocrx_word' id='word_1_275' title='bbox 966 1346 1072 1369; x_wconf 89' lang='lat' dir='ltr'>vocato</span> <span class='ocrx_word' id='word_1_276' title='bbox 1094 1338 1118 1368; x_wconf 87' lang='lat' dir='ltr'>le</span> <span class='ocrx_word' id='word_1_277' title='bbox 1141 1339 1204 1378; x_wconf 83' lang='lat' dir='ltr'>Bay</span> 
     </span>
     <span class='ocr_line' id='line_1_35' title="bbox 126 1376 1203 1418; baseline -0.004 -8"><span class='ocrx_word' id='word_1_278' title='bbox 126 1378 221 1418; x_wconf 81' lang='lat' dir='ltr'>Salte,</span> <span class='ocrx_word' id='word_1_279' title='bbox 239 1378 347 1409; x_wconf 85' lang='lat' dir='ltr'>Birettis</span> <span class='ocrx_word' id='word_1_280' title='bbox 361 1377 416 1408; x_wconf 88' lang='lat' dir='ltr'>five</span> <span class='ocrx_word' id='word_1_281' title='bbox 431 1376 526 1408; x_wconf 87' lang='lat' dir='ltr'>Pilleis</span> <span class='ocrx_word' id='word_1_282' title='bbox 539 1377 687 1416; x_wconf 85' lang='lat' dir='ltr'>vulgariter</span> <span class='ocrx_word' id='word_1_283' title='bbox 699 1377 806 1409; x_wconf 86' lang='lat' dir='ltr'>vocatis</span> <span class='ocrx_word' id='word_1_284' title='bbox 820 1376 938 1407; x_wconf 80' lang='lat' dir='ltr'>Frenche</span> <span class='ocrx_word' id='word_1_285' title='bbox 953 1379 1083 1407; x_wconf 76' lang='lat' dir='ltr'>Bonettis</span> <span class='ocrx_word' id='word_1_286' title='bbox 1095 1386 1125 1406; x_wconf 87' lang='lat' dir='ltr'>or</span> <span class='ocrx_word' id='word_1_287' title='bbox 1134 1379 1203 1415; x_wconf 85' lang='lat' dir='ltr'>Cap-</span> 
     </span>
     <span class='ocr_line' id='line_1_36' title="bbox 122 1415 1204 1456; baseline -0.002 -8"><span class='ocrx_word' id='word_1_288' title='bbox 122 1425 189 1456; x_wconf 79' lang='lat' dir='ltr'>pes,</span> <span class='ocrx_word' id='word_1_289' title='bbox 209 1416 368 1448; x_wconf 87' lang='lat' dir='ltr'>Canabasio</span> <span class='ocrx_word' id='word_1_290' title='bbox 383 1424 489 1447; x_wconf 91' lang='lat' dir='ltr'>vocato</span> <span class='ocrx_word' id='word_1_291' title='bbox 503 1421 619 1447; x_wconf 82' lang='lat' dir='ltr'>Canvas</span> <span class='ocrx_word' id='word_1_292' title='bbox 635 1439 646 1455; x_wconf 94' lang='lat'>,</span> <span class='ocrx_word' id='word_1_293' title='bbox 671 1423 719 1447; x_wconf 87' lang='lat' dir='ltr'>aut</span> <span class='ocrx_word' id='word_1_294' title='bbox 738 1417 858 1447; x_wconf 87' lang='lat' dir='ltr'>aliorum</span> <span class='ocrx_word' id='word_1_295' title='bbox 877 1415 1046 1455; x_wconf 83' lang='lat' dir='ltr'>Bonorum,</span> <span class='ocrx_word' id='word_1_296' title='bbox 1063 1415 1177 1446; x_wconf 90' lang='lat' dir='ltr'>Rerum</span> <span class='ocrx_word' id='word_1_297' title='bbox 1194 1439 1204 1455; x_wconf 92' lang='lat'>,</span> 
     </span>
     <span class='ocr_line' id='line_1_37' title="bbox 127 1453 1204 1495; baseline -0.001 -8"><span class='ocrx_word' id='word_1_298' title='bbox 127 1456 297 1495; x_wconf 90' lang='lat' dir='ltr'>Mercium,</span> <span class='ocrx_word' id='word_1_299' title='bbox 314 1457 348 1487; x_wconf 69' lang='grc' dir='ltr'>ὃ(</span> <span class='ocrx_word' id='word_1_300' title='bbox 364 1453 610 1487; x_wconf 85' lang='lat' dir='ltr'>Mercandisarum</span> <span class='ocrx_word' id='word_1_301' title='bbox 624 1465 873 1494; x_wconf 87' lang='lat' dir='ltr'>quarumcumque</span> <span class='ocrx_word' id='word_1_302' title='bbox 887 1479 896 1493; x_wconf 91' lang='lat'>,</span> <span class='ocrx_word' id='word_1_303' title='bbox 919 1456 951 1485; x_wconf 87' lang='lat' dir='ltr'>iri</span> <span class='ocrx_word' id='word_1_304' title='bbox 970 1454 1204 1494; x_wconf 87' lang='lat' dir='ltr'>quibuscumque</span> 
     </span>
     <span class='ocr_line' id='line_1_38' title="bbox 125 1493 1204 1533; baseline -0.001 -8"><span class='ocrx_word' id='word_1_305' title='bbox 125 1494 256 1526; x_wconf 85' lang='lat' dir='ltr'>Partibus</span> <span class='ocrx_word' id='word_1_306' title='bbox 269 1494 396 1525; x_wconf 90' lang='lat' dir='ltr'>Ditionis</span> <span class='ocrx_word' id='word_1_307' title='bbox 413 1493 558 1533; x_wconf 83' lang='lat' dir='ltr'>Franciae,</span> <span class='ocrx_word' id='word_1_308' title='bbox 576 1493 788 1532; x_wconf 83' lang='lat' dir='ltr'>Normandiae,</span> <span class='ocrx_word' id='word_1_309' title='bbox 806 1495 839 1527; x_wconf 66' lang='grc' dir='ltr'>ὃς</span> <span class='ocrx_word' id='word_1_310' title='bbox 855 1494 1021 1532; x_wconf 79' lang='lat' dir='ltr'>Britanniae,</span> <span class='ocrx_word' id='word_1_311' title='bbox 1037 1502 1086 1525; x_wconf 90' lang='lat' dir='ltr'>aut</span> <span class='ocrx_word' id='word_1_312' title='bbox 1100 1504 1204 1526; x_wconf 90' lang='lat' dir='ltr'>eorum</span> 
     </span>
     <span class='ocr_line' id='line_1_39' title="bbox 124 1532 1205 1573; baseline 0 -9"><span class='ocrx_word' id='word_1_313' title='bbox 124 1534 258 1573; x_wconf 81' lang='lat' dir='ltr'>alicujus,</span> <span class='ocrx_word' id='word_1_314' title='bbox 277 1534 323 1565; x_wconf 87' lang='lat' dir='ltr'>seu</span> <span class='ocrx_word' id='word_1_315' title='bbox 338 1535 366 1563; x_wconf 86' lang='lat' dir='ltr'>in</span> <span class='ocrx_word' id='word_1_316' title='bbox 379 1532 519 1572; x_wconf 83' lang='lat' dir='ltr'>aliquibus</span> <span class='ocrx_word' id='word_1_317' title='bbox 530 1534 589 1564; x_wconf 84' lang='lat' dir='ltr'>aliis</span> <span class='ocrx_word' id='word_1_318' title='bbox 601 1532 731 1564; x_wconf 90' lang='lat' dir='ltr'>Partibus</span> <span class='ocrx_word' id='word_1_319' title='bbox 755 1533 864 1565; x_wconf 70' lang='lat' dir='ltr'>Exteris</span> <span class='ocrx_word' id='word_1_320' title='bbox 883 1533 1128 1572; x_wconf 87' lang='lat' dir='ltr'>quibuscumque,</span> <span class='ocrx_word' id='word_1_321' title='bbox 1148 1532 1205 1564; x_wconf 71' lang='lat' dir='ltr'>una</span> 
     </span>
     <span class='ocr_line' id='line_1_40' title="bbox 121 1571 1204 1642; baseline -0.001 -39"><span class='ocrx_word' id='word_1_322' title='bbox 121 1574 190 1642; x_wconf 63' lang='grc' dir='ltr'>ἕὶςε</span> <span class='ocrx_word' id='word_1_323' title='bbox 204 1574 249 1603; x_wconf 90' lang='lat' dir='ltr'>vel</span> <span class='ocrx_word' id='word_1_324' title='bbox 260 1571 376 1604; x_wconf 82' lang='lat' dir='ltr'>diverfis</span> <span class='ocrx_word' id='word_1_325' title='bbox 392 1573 520 1612; x_wconf 84' lang='lat' dir='ltr'>vicibus,</span> <span class='ocrx_word' id='word_1_326' title='bbox 543 1582 642 1604; x_wconf 90' lang='lat' dir='ltr'>emere</span> <span class='ocrx_word' id='word_1_327' title='bbox 663 1573 697 1604; x_wconf 92' lang='lat'>&amp;</span> <span class='ocrx_word' id='word_1_328' title='bbox 721 1573 890 1612; x_wconf 85' lang='lat' dir='ltr'>providere,</span> <span class='ocrx_word' id='word_1_329' title='bbox 915 1582 949 1604; x_wconf 90' lang='lat' dir='ltr'>ac</span> <span class='ocrx_word' id='word_1_330' title='bbox 971 1573 1042 1612; x_wconf 87' lang='lat' dir='ltr'>emi,</span> <span class='ocrx_word' id='word_1_331' title='bbox 1059 1571 1204 1612; x_wconf 88' lang='lat' dir='ltr'>provideri</span> 
     </span>
     <span class='ocr_line' id='line_1_41' title="bbox 136 1621 216 1642; baseline 0 0"><span class='ocrx_word' id='word_1_332' title='bbox 136 1621 216 1642; x_wconf 81' lang='lat' dir='ltr'>acere</span> 
     </span>
    </p>

    <p class='ocr_par' dir='ltr' id='par_1_9' title="bbox 127 1634 1206 2037">
     <span class='ocr_line' id='line_1_42' title="bbox 168 1634 1205 1689; baseline 0 -9"><span class='ocrx_word' id='word_1_333' title='bbox 168 1651 213 1682; x_wconf 91' lang='lat' dir='ltr'>Ac</span> <span class='ocrx_word' id='word_1_334' title='bbox 222 1634 324 1681; x_wconf 87' lang='lat' dir='ltr'>&#39;eadem</span> <span class='ocrx_word' id='word_1_335' title='bbox 340 1648 378 1681; x_wconf 85' lang='lat' dir='ltr'>fic</span> <span class='ocrx_word' id='word_1_336' title='bbox 393 1649 502 1688; x_wconf 86' lang='lat' dir='ltr'>Empta</span> <span class='ocrx_word' id='word_1_337' title='bbox 516 1649 549 1680; x_wconf 77' lang='grc' dir='ltr'>δε</span> <span class='ocrx_word' id='word_1_338' title='bbox 565 1649 680 1681; x_wconf 72' lang='lat' dir='ltr'>Proviia</span> <span class='ocrx_word' id='word_1_339' title='bbox 698 1649 756 1681; x_wconf 66' lang='lat' dir='ltr'>una</span> <span class='ocrx_word' id='word_1_340' title='bbox 776 1649 858 1681; x_wconf 86' lang='lat' dir='ltr'>Navi</span> <span class='ocrx_word' id='word_1_341' title='bbox 874 1675 884 1689; x_wconf 84' lang='lat'>,</span> <span class='ocrx_word' id='word_1_342' title='bbox 902 1650 948 1681; x_wconf 90' lang='lat' dir='ltr'>vel</span> <span class='ocrx_word' id='word_1_343' title='bbox 970 1649 1085 1680; x_wconf 91' lang='lat' dir='ltr'>diverfis</span> <span class='ocrx_word' id='word_1_344' title='bbox 1109 1649 1205 1680; x_wconf 85' lang='lat' dir='ltr'>Navi-</span> 
     </span>
     <span class='ocr_line' id='line_1_43' title="bbox 127 1687 1201 1728; baseline 0.001 -10"><span class='ocrx_word' id='word_1_345' title='bbox 127 1688 199 1728; x_wconf 85' lang='lat' dir='ltr'>bus,</span> <span class='ocrx_word' id='word_1_346' title='bbox 214 1688 295 1727; x_wconf 85' lang='lat' dir='ltr'>hujus</span> <span class='ocrx_word' id='word_1_347' title='bbox 311 1687 409 1727; x_wconf 84' lang='lat' dir='ltr'>Regni</span> <span class='ocrx_word' id='word_1_348' title='bbox 425 1689 554 1728; x_wconf 83' lang='lat' dir='ltr'>Angiiae,</span> <span class='ocrx_word' id='word_1_349' title='bbox 570 1688 703 1727; x_wconf 82' lang='lat' dir='ltr'>Walliae,</span> <span class='ocrx_word' id='word_1_350' title='bbox 720 1688 890 1728; x_wconf 81' lang='lat' dir='ltr'>Hiberniae,</span> <span class='ocrx_word' id='word_1_351' title='bbox 908 1689 1027 1720; x_wconf 80' lang='lat' dir='ltr'>Calesiae</span> <span class='ocrx_word' id='word_1_352' title='bbox 1040 1712 1050 1727; x_wconf 93' lang='lat'>,</span> <span class='ocrx_word' id='word_1_353' title='bbox 1077 1688 1133 1720; x_wconf 85' lang='lat' dir='ltr'>five</span> <span class='ocrx_word' id='word_1_354' title='bbox 1154 1688 1201 1719; x_wconf 90' lang='lat' dir='ltr'>In-</span> 
     </span>
     <span class='ocr_line' id='line_1_44' title="bbox 129 1727 1206 1767; baseline 0 -9"><span class='ocrx_word' id='word_1_355' title='bbox 129 1727 252 1758; x_wconf 81' lang='lat' dir='ltr'>sularum</span> <span class='ocrx_word' id='word_1_356' title='bbox 267 1727 429 1757; x_wconf 86' lang='lat' dir='ltr'>nostrarum</span> <span class='ocrx_word' id='word_1_357' title='bbox 443 1727 481 1758; x_wconf 90' lang='lat' dir='ltr'>de</span> <span class='ocrx_word' id='word_1_358' title='bbox 496 1727 640 1767; x_wconf 88' lang='lat' dir='ltr'>Garnesey</span> <span class='ocrx_word' id='word_1_359' title='bbox 665 1729 698 1758; x_wconf 69' lang='grc' dir='ltr'>δε</span> <span class='ocrx_word' id='word_1_360' title='bbox 718 1727 867 1767; x_wconf 81' lang='lat' dir='ltr'>Jernesey,</span> <span class='ocrx_word' id='word_1_361' title='bbox 893 1736 941 1759; x_wconf 92' lang='lat' dir='ltr'>aut</span> <span class='ocrx_word' id='word_1_362' title='bbox 961 1728 1119 1766; x_wconf 87' lang='lat' dir='ltr'>aliquarum</span> <span class='ocrx_word' id='word_1_363' title='bbox 1140 1728 1206 1758; x_wconf 91' lang='lat' dir='ltr'>alia-</span> 
     </span>
     <span class='ocr_line' id='line_1_45' title="bbox 130 1765 1204 1806; baseline 0.001 -9"><span class='ocrx_word' id='word_1_364' title='bbox 130 1776 196 1797; x_wconf 89' lang='lat' dir='ltr'>rum</span> <span class='ocrx_word' id='word_1_365' title='bbox 211 1766 340 1797; x_wconf 86' lang='lat' dir='ltr'>Partium</span> <span class='ocrx_word' id='word_1_366' title='bbox 355 1765 523 1796; x_wconf 85' lang='lat' dir='ltr'>Exterarum</span> <span class='ocrx_word' id='word_1_367' title='bbox 550 1775 797 1805; x_wconf 85' lang='lat' dir='ltr'>quarumcumque</span> <span class='ocrx_word' id='word_1_368' title='bbox 811 1790 822 1806; x_wconf 93' lang='lat'>,</span> <span class='ocrx_word' id='word_1_369' title='bbox 848 1768 909 1798; x_wconf 79' lang='lat' dir='ltr'>tam</span> <span class='ocrx_word' id='word_1_370' title='bbox 933 1765 969 1797; x_wconf 92' lang='lat' dir='ltr'>de</span> <span class='ocrx_word' id='word_1_371' title='bbox 991 1766 1143 1804; x_wconf 81' lang='lat' dir='ltr'>Hispannia</span> <span class='ocrx_word' id='word_1_372' title='bbox 1170 1768 1204 1798; x_wconf 91' lang='lat'>&amp;</span> 
     </span>
     <span class='ocr_line' id='line_1_46' title="bbox 129 1803 1205 1844; baseline -0.001 -9"><span class='ocrx_word' id='word_1_373' title='bbox 129 1804 278 1843; x_wconf 86' lang='lat' dir='ltr'>Flandria,</span> <span class='ocrx_word' id='word_1_374' title='bbox 298 1805 382 1843; x_wconf 72' lang='lat' dir='ltr'>quam</span> <span class='ocrx_word' id='word_1_375' title='bbox 396 1804 430 1835; x_wconf 91' lang='lat' dir='ltr'>de</span> <span class='ocrx_word' id='word_1_376' title='bbox 445 1813 623 1844; x_wconf 87' lang='lat' dir='ltr'>quacumque</span> <span class='ocrx_word' id='word_1_377' title='bbox 636 1804 686 1836; x_wconf 80' lang='lat' dir='ltr'>alia</span> <span class='ocrx_word' id='word_1_378' title='bbox 704 1804 788 1837; x_wconf 84' lang='lat' dir='ltr'>Parte</span> <span class='ocrx_word' id='word_1_379' title='bbox 812 1805 966 1843; x_wconf 88' lang='lat' dir='ltr'>(Navibus</span> <span class='ocrx_word' id='word_1_380' title='bbox 983 1804 1124 1844; x_wconf 87' lang='lat' dir='ltr'>Franciae,</span> <span class='ocrx_word' id='word_1_381' title='bbox 1145 1803 1205 1835; x_wconf 87' lang='lat' dir='ltr'>Bri-</span> 
     </span>
     <span class='ocr_line' id='line_1_47' title="bbox 134 1842 1202 1884; baseline -0.001 -10"><span class='ocrx_word' id='word_1_382' title='bbox 134 1844 257 1883; x_wconf 68' lang='lat' dir='ltr'>tanniae,</span> <span class='ocrx_word' id='word_1_383' title='bbox 274 1844 307 1874; x_wconf 70' lang='grc' dir='ltr'>ὃς</span> <span class='ocrx_word' id='word_1_384' title='bbox 322 1842 517 1874; x_wconf 89' lang='lat' dir='ltr'>Normanniae</span> <span class='ocrx_word' id='word_1_385' title='bbox 531 1844 733 1875; x_wconf 86' lang='lat' dir='ltr'>tantummodo</span> <span class='ocrx_word' id='word_1_386' title='bbox 747 1844 888 1884; x_wconf 88' lang='lat' dir='ltr'>exceptis)</span> <span class='ocrx_word' id='word_1_387' title='bbox 905 1844 964 1875; x_wconf 70' lang='lat' dir='ltr'>una</span> <span class='ocrx_word' id='word_1_388' title='bbox 979 1843 1053 1875; x_wconf 92' lang='lat' dir='ltr'>Vice</span> <span class='ocrx_word' id='word_1_389' title='bbox 1067 1867 1076 1882; x_wconf 89' lang='lat'>,</span> <span class='ocrx_word' id='word_1_390' title='bbox 1094 1843 1140 1875; x_wconf 91' lang='lat' dir='ltr'>vel</span> <span class='ocrx_word' id='word_1_391' title='bbox 1158 1843 1202 1874; x_wconf 89' lang='lat' dir='ltr'>di-</span> 
     </span>
     <span class='ocr_line' id='line_1_48' title="bbox 130 1882 1203 1921; baseline -0.002 -8"><span class='ocrx_word' id='word_1_392' title='bbox 130 1883 214 1913; x_wconf 84' lang='lat' dir='ltr'>versis</span> <span class='ocrx_word' id='word_1_393' title='bbox 230 1882 366 1920; x_wconf 81' lang='lat' dir='ltr'>Vicibus,</span> <span class='ocrx_word' id='word_1_394' title='bbox 383 1882 640 1921; x_wconf 83' lang='lat' dir='ltr'>quandocumque,</span> <span class='ocrx_word' id='word_1_395' title='bbox 658 1883 690 1914; x_wconf 88' lang='lat'>&amp;</span> <span class='ocrx_word' id='word_1_396' title='bbox 707 1884 904 1921; x_wconf 84' lang='lat' dir='ltr'>quotienscutn</span> <span class='ocrx_word' id='word_1_397' title='bbox 926 1893 961 1913; x_wconf 91' lang='lat' dir='ltr'>ue</span> <span class='ocrx_word' id='word_1_398' title='bbox 973 1883 1012 1913; x_wconf 85' lang='lat' dir='ltr'>eis</span> <span class='ocrx_word' id='word_1_399' title='bbox 1033 1882 1079 1913; x_wconf 91' lang='lat' dir='ltr'>seu</span> <span class='ocrx_word' id='word_1_400' title='bbox 1101 1891 1203 1914; x_wconf 91' lang='lat' dir='ltr'>eorum</span> 
     </span>
     <span class='ocr_line' id='line_1_49' title="bbox 130 1921 1204 1960; baseline -0.001 -9"><span class='ocrx_word' id='word_1_401' title='bbox 130 1921 215 1952; x_wconf 84' lang='lat' dir='ltr'>alicui</span> <span class='ocrx_word' id='word_1_402' title='bbox 230 1921 275 1952; x_wconf 88' lang='lat' dir='ltr'>vel</span> <span class='ocrx_word' id='word_1_403' title='bbox 289 1921 428 1959; x_wconf 83' lang='lat' dir='ltr'>aliquibus</span> <span class='ocrx_word' id='word_1_404' title='bbox 445 1921 602 1959; x_wconf 89' lang='lat' dir='ltr'>placuerit,</span> <span class='ocrx_word' id='word_1_405' title='bbox 618 1921 652 1951; x_wconf 93' lang='lat' dir='ltr'>ad</span> <span class='ocrx_word' id='word_1_406' title='bbox 665 1930 766 1952; x_wconf 87' lang='lat' dir='ltr'>eorum</span> <span class='ocrx_word' id='word_1_407' title='bbox 786 1922 819 1952; x_wconf 68' lang='grc' dir='ltr'>ὃς</span> <span class='ocrx_word' id='word_1_408' title='bbox 839 1923 905 1960; x_wconf 75' lang='lat' dir='ltr'>cuju</span> <span class='ocrx_word' id='word_1_409' title='bbox 931 1923 988 1952; x_wconf 86' lang='lat' dir='ltr'>ibet</span> <span class='ocrx_word' id='word_1_410' title='bbox 1012 1931 1116 1951; x_wconf 88' lang='lat' dir='ltr'>eorum</span> <span class='ocrx_word' id='word_1_411' title='bbox 1139 1921 1204 1951; x_wconf 89' lang='lat' dir='ltr'>libi-</span> 
     </span>
     <span class='ocr_line' id='line_1_50' title="bbox 131 1960 1205 1999; baseline 0.001 -9"><span class='ocrx_word' id='word_1_412' title='bbox 131 1967 213 1997; x_wconf 88' lang='lat' dir='ltr'>tum,</span> <span class='ocrx_word' id='word_1_413' title='bbox 233 1961 398 1998; x_wconf 81' lang='lat' dir='ltr'>imponere,</span> <span class='ocrx_word' id='word_1_414' title='bbox 415 1969 542 1997; x_wconf 72' lang='lat' dir='ltr'>camare,</span> <span class='ocrx_word' id='word_1_415' title='bbox 558 1970 690 1998; x_wconf 84' lang='lat' dir='ltr'>onerare,</span> <span class='ocrx_word' id='word_1_416' title='bbox 709 1961 742 1992; x_wconf 75' lang='grc' dir='ltr'>ὅ(</span> <span class='ocrx_word' id='word_1_417' title='bbox 757 1960 919 1999; x_wconf 84' lang='lat' dir='ltr'>eskippare,</span> <span class='ocrx_word' id='word_1_418' title='bbox 939 1968 992 1997; x_wconf 51' lang='lat' dir='ltr'>,aut</span> <span class='ocrx_word' id='word_1_419' title='bbox 1007 1960 1122 1998; x_wconf 85' lang='lat' dir='ltr'>imponi</span> <span class='ocrx_word' id='word_1_420' title='bbox 1135 1981 1146 1998; x_wconf 84' lang='lat'>‚</span> <span class='ocrx_word' id='word_1_421' title='bbox 1171 1969 1205 1991; x_wconf 92' lang='lat' dir='ltr'>o-</span> 
     </span>
     <span class='ocr_line' id='line_1_51' title="bbox 132 1999 709 2037; baseline 0 -8"><span class='ocrx_word' id='word_1_422' title='bbox 132 2000 240 2037; x_wconf 77' lang='lat' dir='ltr'>nerari,</span> <span class='ocrx_word' id='word_1_423' title='bbox 260 1999 364 2029; x_wconf 87' lang='lat' dir='ltr'>carcari</span> <span class='ocrx_word' id='word_1_424' title='bbox 376 2022 385 2035; x_wconf 84' lang='lat'>,</span> <span class='ocrx_word' id='word_1_425' title='bbox 403 1999 436 2029; x_wconf 87' lang='lat'>&amp;</span> <span class='ocrx_word' id='word_1_426' title='bbox 450 1999 528 2037; x_wconf 86' lang='lat' dir='ltr'>eskip</span> <span class='ocrx_word' id='word_1_427' title='bbox 549 2000 586 2029; x_wconf 89' lang='lat' dir='ltr'>ari</span> <span class='ocrx_word' id='word_1_428' title='bbox 600 1999 709 2037; x_wconf 89' lang='lat' dir='ltr'>facere,</span> 
     </span>
    </p>

    <p class='ocr_par' dir='ltr' id='par_1_10' title="bbox 131 2036 1211 2572">
     <span class='ocr_line' id='line_1_52' title="bbox 172 2036 1207 2077; baseline 0.002 -11"><span class='ocrx_word' id='word_1_429' title='bbox 172 2036 211 2067; x_wconf 90' lang='lat' dir='ltr'>Et</span> <span class='ocrx_word' id='word_1_430' title='bbox 225 2037 323 2068; x_wconf 86' lang='lat' dir='ltr'>eadem</span> <span class='ocrx_word' id='word_1_431' title='bbox 351 2036 436 2068; x_wconf 91' lang='lat' dir='ltr'>Mille</span> <span class='ocrx_word' id='word_1_432' title='bbox 457 2039 491 2070; x_wconf 66' lang='grc' dir='ltr'>ὃς</span> <span class='ocrx_word' id='word_1_433' title='bbox 549 2039 729 2077; x_wconf 84' lang='lat' dir='ltr'>uinquaginta</span> <span class='ocrx_word' id='word_1_434' title='bbox 751 2037 840 2068; x_wconf 88' lang='lat' dir='ltr'>Dolia</span> <span class='ocrx_word' id='word_1_435' title='bbox 863 2038 921 2070; x_wconf 88' lang='lat' dir='ltr'>five</span> <span class='ocrx_word' id='word_1_436' title='bbox 938 2037 1081 2077; x_wconf 87' lang='lat' dir='ltr'>Tonella,</span> <span class='ocrx_word' id='word_1_437' title='bbox 1104 2046 1207 2071; x_wconf 85' lang='lat' dir='ltr'>vocata</span> 
     </span>
     <span class='ocr_line' id='line_1_53' title="bbox 131 2075 1203 2116; baseline 0.002 -12"><span class='ocrx_word' id='word_1_438' title='bbox 131 2076 237 2105; x_wconf 71' lang='lat' dir='ltr'>Tannes</span> <span class='ocrx_word' id='word_1_439' title='bbox 251 2075 289 2111; x_wconf 61' lang='grc' dir='ltr'>(ῥ’</span> <span class='ocrx_word' id='word_1_440' title='bbox 304 2078 360 2106; x_wconf 89' lang='lat' dir='ltr'>Ton</span> <span class='ocrx_word' id='word_1_441' title='bbox 375 2075 478 2116; x_wconf 62' lang='lat' dir='ltr'><em>Ught,</em></span> <span class='ocrx_word' id='word_1_442' title='bbox 497 2075 642 2108; x_wconf 80' lang='lat' dir='ltr'>Vitiorum</span> <span class='ocrx_word' id='word_1_443' title='bbox 652 2099 661 2114; x_wconf 95' lang='lat'>,</span> <span class='ocrx_word' id='word_1_444' title='bbox 681 2076 863 2107; x_wconf 87' lang='lat' dir='ltr'>Gualdorum</span> <span class='ocrx_word' id='word_1_445' title='bbox 873 2100 882 2115; x_wconf 90' lang='lat'>,</span> <span class='ocrx_word' id='word_1_446' title='bbox 901 2076 1100 2114; x_wconf 90' lang='lat' dir='ltr'>Pastellorum,</span> <span class='ocrx_word' id='word_1_447' title='bbox 1115 2076 1203 2115; x_wconf 85' lang='lat' dir='ltr'>Salis,</span> 
     </span>
     <span class='ocr_line' id='line_1_54' title="bbox 131 2113 1208 2154; baseline 0.001 -9"><span class='ocrx_word' id='word_1_448' title='bbox 131 2113 307 2146; x_wconf 88' lang='lat' dir='ltr'>Birettorum</span> <span class='ocrx_word' id='word_1_449' title='bbox 317 2137 326 2153; x_wconf 89' lang='lat'>,</span> <span class='ocrx_word' id='word_1_450' title='bbox 344 2115 376 2145; x_wconf 72' lang='grc' dir='ltr'>ὃ(</span> <span class='ocrx_word' id='word_1_451' title='bbox 392 2114 551 2154; x_wconf 88' lang='lat' dir='ltr'>Canavisii,</span> <span class='ocrx_word' id='word_1_452' title='bbox 566 2124 613 2146; x_wconf 91' lang='lat' dir='ltr'>aut</span> <span class='ocrx_word' id='word_1_453' title='bbox 625 2116 748 2147; x_wconf 88' lang='lat' dir='ltr'>aliorum</span> <span class='ocrx_word' id='word_1_454' title='bbox 760 2114 922 2153; x_wconf 87' lang='lat' dir='ltr'>Bonorum,</span> <span class='ocrx_word' id='word_1_455' title='bbox 941 2115 1063 2153; x_wconf 85' lang='lat' dir='ltr'>Rerum,</span> <span class='ocrx_word' id='word_1_456' title='bbox 1080 2116 1113 2146; x_wconf 89' lang='lat'>&amp;</span> <span class='ocrx_word' id='word_1_457' title='bbox 1124 2115 1208 2146; x_wconf 87' lang='lat' dir='ltr'>Mer-</span> 
     </span>
     <span class='ocr_line' id='line_1_55' title="bbox 135 2153 1207 2192; baseline 0 -8"><span class='ocrx_word' id='word_1_458' title='bbox 135 2153 311 2184; x_wconf 85' lang='lat' dir='ltr'>candisarum</span> <span class='ocrx_word' id='word_1_459' title='bbox 327 2155 543 2192; x_wconf 64' lang='lat' dir='ltr'>praedictarum,</span> <span class='ocrx_word' id='word_1_460' title='bbox 563 2155 596 2185; x_wconf 84' lang='lat'>&amp;</span> <span class='ocrx_word' id='word_1_461' title='bbox 613 2155 632 2174; x_wconf 68' lang='lat'>²*</span> <span class='ocrx_word' id='word_1_462' title='bbox 672 2155 807 2186; x_wconf 90' lang='lat' dir='ltr'>uamlibet</span> <span class='ocrx_word' id='word_1_463' title='bbox 821 2154 888 2186; x_wconf 87' lang='lat' dir='ltr'>inde</span> <span class='ocrx_word' id='word_1_464' title='bbox 902 2155 1016 2186; x_wconf 88' lang='lat' dir='ltr'>Partem</span> <span class='ocrx_word' id='word_1_465' title='bbox 1031 2154 1078 2185; x_wconf 90' lang='lat' dir='ltr'>seu</span> <span class='ocrx_word' id='word_1_466' title='bbox 1094 2154 1207 2185; x_wconf 85' lang='lat' dir='ltr'>Parcel-</span> 
     </span>
     <span class='ocr_line' id='line_1_56' title="bbox 136 2191 1208 2234; baseline 0 -12"><span class='ocrx_word' id='word_1_467' title='bbox 136 2192 195 2222; x_wconf 83' lang='lat' dir='ltr'>lam</span> <span class='ocrx_word' id='word_1_468' title='bbox 233 2192 270 2222; x_wconf 85' lang='lat' dir='ltr'>sic</span> <span class='ocrx_word' id='word_1_469' title='bbox 283 2191 419 2232; x_wconf 83' lang='lat' dir='ltr'>Carcata,</span> <span class='ocrx_word' id='word_1_470' title='bbox 436 2192 579 2230; x_wconf 87' lang='lat' dir='ltr'>Onerata,</span> <span class='ocrx_word' id='word_1_471' title='bbox 597 2193 631 2223; x_wconf 75' lang='lat' dir='ltr'>«St</span> <span class='ocrx_word' id='word_1_472' title='bbox 673 2193 816 2234; x_wconf 82' lang='lat' dir='ltr'>skippata,</span> <span class='ocrx_word' id='word_1_473' title='bbox 832 2193 890 2224; x_wconf 69' lang='lat' dir='ltr'>una</span> <span class='ocrx_word' id='word_1_474' title='bbox 910 2193 1003 2233; x_wconf 89' lang='lat' dir='ltr'>Vice,</span> <span class='ocrx_word' id='word_1_475' title='bbox 1030 2194 1073 2224; x_wconf 85' lang='lat' dir='ltr'>vel</span> <span class='ocrx_word' id='word_1_476' title='bbox 1095 2191 1208 2223; x_wconf 87' lang='lat' dir='ltr'>diversis</span> 
     </span>
     <span class='ocr_line' id='line_1_57' title="bbox 137 2214 1208 2274; baseline 0.001 -13"><span class='ocrx_word' id='word_1_477' title='bbox 137 2214 275 2274; x_wconf 71' lang='lat' dir='ltr'>Vicibus,</span> <span class='ocrx_word' id='word_1_478' title='bbox 293 2232 353 2262; x_wconf 73' lang='lat' dir='ltr'>tam</span> <span class='ocrx_word' id='word_1_479' title='bbox 372 2233 403 2262; x_wconf 89' lang='lat' dir='ltr'>in</span> <span class='ocrx_word' id='word_1_480' title='bbox 426 2232 485 2262; x_wconf 85' lang='lat' dir='ltr'>hoc</span> <span class='ocrx_word' id='word_1_481' title='bbox 506 2231 644 2270; x_wconf 84' lang='lat' dir='ltr'>Regnum</span> <span class='ocrx_word' id='word_1_482' title='bbox 665 2236 794 2263; x_wconf 82' lang='lat' dir='ltr'>noitmm</span> <span class='ocrx_word' id='word_1_483' title='bbox 811 2232 925 2270; x_wconf 82' lang='lat' dir='ltr'>Angliae</span> <span class='ocrx_word' id='word_1_484' title='bbox 947 2242 982 2263; x_wconf 91' lang='lat' dir='ltr'>ac</span> <span class='ocrx_word' id='word_1_485' title='bbox 997 2231 1157 2263; x_wconf 82' lang='lat' dir='ltr'>Flandn&#39;am</span> <span class='ocrx_word' id='word_1_486' title='bbox 1174 2232 1208 2262; x_wconf 90' lang='lat'>&amp;</span> 
     </span>
     <span class='ocr_line' id='line_1_58' title="bbox 138 2269 1209 2311; baseline 0.002 -10"><span class='ocrx_word' id='word_1_487' title='bbox 138 2269 324 2308; x_wconf 86' lang='lat' dir='ltr'>Hispaniam,</span> <span class='ocrx_word' id='word_1_488' title='bbox 342 2273 429 2310; x_wconf 79' lang='lat' dir='ltr'>quarn</span> <span class='ocrx_word' id='word_1_489' title='bbox 444 2271 511 2301; x_wconf 88' lang='lat' dir='ltr'>alibi</span> <span class='ocrx_word' id='word_1_490' title='bbox 526 2271 719 2311; x_wconf 87' lang='lat' dir='ltr'>ubicumque,</span> <span class='ocrx_word' id='word_1_491' title='bbox 737 2272 888 2311; x_wconf 88' lang='lat' dir='ltr'>invehere,</span> <span class='ocrx_word' id='word_1_492' title='bbox 906 2271 1059 2308; x_wconf 86' lang='lat' dir='ltr'>adducere,</span> <span class='ocrx_word' id='word_1_493' title='bbox 1079 2271 1209 2303; x_wconf 86' lang='lat' dir='ltr'>traduce-</span> 
     </span>
     <span class='ocr_line' id='line_1_59' title="bbox 135 2309 1210 2350; baseline 0 -10"><span class='ocrx_word' id='word_1_494' title='bbox 135 2318 182 2347; x_wconf 88' lang='lat' dir='ltr'>re,</span> <span class='ocrx_word' id='word_1_495' title='bbox 200 2309 233 2340; x_wconf 63' lang='grc' dir='ltr'>ὃς</span> <span class='ocrx_word' id='word_1_496' title='bbox 249 2310 370 2348; x_wconf 89' lang='lat' dir='ltr'>cariare,</span> <span class='ocrx_word' id='word_1_497' title='bbox 385 2317 433 2340; x_wconf 85' lang='lat' dir='ltr'>aut</span> <span class='ocrx_word' id='word_1_498' title='bbox 448 2310 564 2349; x_wconf 90' lang='lat' dir='ltr'>invehi,</span> <span class='ocrx_word' id='word_1_499' title='bbox 583 2309 704 2349; x_wconf 86' lang='lat' dir='ltr'>adduci,</span> <span class='ocrx_word' id='word_1_500' title='bbox 721 2311 815 2350; x_wconf 84' lang='lat' dir='ltr'>trahi,</span> <span class='ocrx_word' id='word_1_501' title='bbox 833 2311 947 2348; x_wconf 87' lang='lat' dir='ltr'>induci,</span> <span class='ocrx_word' id='word_1_502' title='bbox 964 2311 998 2341; x_wconf 93' lang='lat'>&amp;</span> <span class='ocrx_word' id='word_1_503' title='bbox 1019 2311 1118 2340; x_wconf 85' lang='lat' dir='ltr'>cariati</span> <span class='ocrx_word' id='word_1_504' title='bbox 1135 2309 1210 2340; x_wconf 84' lang='lat' dir='ltr'>face-</span> 
     </span>
     <span class='ocr_line' id='line_1_60' title="bbox 135 2347 1211 2388; baseline 0 -9"><span class='ocrx_word' id='word_1_505' title='bbox 135 2357 183 2386; x_wconf 87' lang='lat' dir='ltr'>re,</span> <span class='ocrx_word' id='word_1_506' title='bbox 194 2349 226 2379; x_wconf 87' lang='lat'>&amp;</span> <span class='ocrx_word' id='word_1_507' title='bbox 242 2348 351 2379; x_wconf 87' lang='lat' dir='ltr'>ibidem</span> <span class='ocrx_word' id='word_1_508' title='bbox 367 2350 543 2388; x_wconf 88' lang='lat' dir='ltr'>ubicumque</span> <span class='ocrx_word' id='word_1_509' title='bbox 562 2348 628 2386; x_wconf 80' lang='lat' dir='ltr'>Eis,</span> <span class='ocrx_word' id='word_1_510' title='bbox 647 2351 693 2379; x_wconf 83' lang='lat' dir='ltr'>seu</span> <span class='ocrx_word' id='word_1_511' title='bbox 705 2358 808 2379; x_wconf 91' lang='lat' dir='ltr'>eorum</span> <span class='ocrx_word' id='word_1_512' title='bbox 827 2349 930 2385; x_wconf 89' lang='lat' dir='ltr'>alicui,</span> <span class='ocrx_word' id='word_1_513' title='bbox 957 2347 1140 2386; x_wconf 70' lang='lat' dir='ltr'>FaCtoribus,</span> <span class='ocrx_word' id='word_1_514' title='bbox 1157 2347 1211 2379; x_wconf 89' lang='lat' dir='ltr'>At-</span> 
     </span>
     <span class='ocr_line' id='line_1_61' title="bbox 136 2386 1208 2426; baseline -0.001 -9"><span class='ocrx_word' id='word_1_515' title='bbox 136 2388 270 2425; x_wconf 87' lang='lat' dir='ltr'>tornatis,</span> <span class='ocrx_word' id='word_1_516' title='bbox 285 2386 497 2425; x_wconf 88' lang='lat' dir='ltr'>Servientibus,</span> <span class='ocrx_word' id='word_1_517' title='bbox 522 2387 689 2425; x_wconf 85' lang='lat' dir='ltr'>Deputatis,</span> <span class='ocrx_word' id='word_1_518' title='bbox 714 2387 883 2426; x_wconf 79' lang='lat' dir='ltr'>Affignatis,</span> <span class='ocrx_word' id='word_1_519' title='bbox 906 2387 1135 2425; x_wconf 78' lang='lat' dir='ltr'>Executoribus,</span> <span class='ocrx_word' id='word_1_520' title='bbox 1162 2386 1208 2416; x_wconf 90' lang='lat' dir='ltr'>seu</span> 
     </span>
     <span class='ocr_line' id='line_1_62' title="bbox 137 2425 1210 2464; baseline -0.002 -8"><span class='ocrx_word' id='word_1_521' title='bbox 137 2425 424 2456; x_wconf 86' lang='lat' dir='ltr'>Administratoribus</span> <span class='ocrx_word' id='word_1_522' title='bbox 436 2427 488 2456; x_wconf 90' lang='lat' dir='ltr'>suis</span> <span class='ocrx_word' id='word_1_523' title='bbox 501 2426 660 2464; x_wconf 70' lang='lat' dir='ltr'>praedietis,</span> <span class='ocrx_word' id='word_1_524' title='bbox 679 2425 725 2455; x_wconf 87' lang='lat' dir='ltr'>vel</span> <span class='ocrx_word' id='word_1_525' title='bbox 745 2435 846 2456; x_wconf 89' lang='lat' dir='ltr'>eorum</span> <span class='ocrx_word' id='word_1_526' title='bbox 871 2425 1070 2455; x_wconf 81' lang='lat' dir='ltr'>Executorum</span> <span class='ocrx_word' id='word_1_527' title='bbox 1089 2433 1136 2455; x_wconf 90' lang='lat' dir='ltr'>aut</span> <span class='ocrx_word' id='word_1_528' title='bbox 1159 2434 1210 2454; x_wconf 83' lang='lat' dir='ltr'>eo-</span> 
     </span>
     <span class='ocr_line' id='line_1_63' title="bbox 137 2463 1209 2502; baseline 0 -8"><span class='ocrx_word' id='word_1_529' title='bbox 137 2473 204 2495; x_wconf 89' lang='lat' dir='ltr'>rum</span> <span class='ocrx_word' id='word_1_530' title='bbox 219 2464 336 2502; x_wconf 66' lang='lat' dir='ltr'>aliqu‘us</span> <span class='ocrx_word' id='word_1_531' title='bbox 355 2463 538 2501; x_wconf 64' lang='lat' dir='ltr'>Fadioribus,</span> <span class='ocrx_word' id='word_1_532' title='bbox 557 2464 729 2501; x_wconf 89' lang='lat' dir='ltr'>Attornatis,</span> <span class='ocrx_word' id='word_1_533' title='bbox 747 2463 958 2501; x_wconf 88' lang='lat' dir='ltr'>Servientibus,</span> <span class='ocrx_word' id='word_1_534' title='bbox 985 2463 1157 2501; x_wconf 89' lang='lat' dir='ltr'>Deputatis,</span> <span class='ocrx_word' id='word_1_535' title='bbox 1174 2464 1209 2494; x_wconf 91' lang='lat'>&amp;</span> 
     </span>
     <span class='ocr_line' id='line_1_64' title="bbox 137 2501 1209 2571; baseline -0.001 -39"><span class='ocrx_word' id='word_1_536' title='bbox 137 2502 287 2571; x_wconf 56' lang='lat' dir='ltr'>Affigriags</span> <span class='ocrx_word' id='word_1_537' title='bbox 301 2502 369 2542; x_wconf 84' lang='lat' dir='ltr'>suis,</span> <span class='ocrx_word' id='word_1_538' title='bbox 386 2510 434 2534; x_wconf 88' lang='lat' dir='ltr'>aut</span> <span class='ocrx_word' id='word_1_539' title='bbox 448 2511 552 2533; x_wconf 85' lang='lat' dir='ltr'>eorum</span> <span class='ocrx_word' id='word_1_540' title='bbox 566 2502 649 2532; x_wconf 87' lang='lat' dir='ltr'>alicui</span> <span class='ocrx_word' id='word_1_541' title='bbox 663 2501 816 2541; x_wconf 85' lang='lat' dir='ltr'>placuerit,</span> <span class='ocrx_word' id='word_1_542' title='bbox 831 2502 866 2533; x_wconf 88' lang='lat' dir='ltr'>ad</span> <span class='ocrx_word' id='word_1_543' title='bbox 883 2501 1008 2533; x_wconf 86' lang='lat' dir='ltr'>Terram</span> <span class='ocrx_word' id='word_1_544' title='bbox 1024 2502 1095 2541; x_wconf 90' lang='lat' dir='ltr'>poni</span> <span class='ocrx_word' id='word_1_545' title='bbox 1109 2501 1209 2534; x_wconf 89' lang='lat' dir='ltr'>&amp;dis-</span> 
     </span>
     <span class='ocr_line' id='line_1_65' title="bbox 132 2550 346 2572; baseline -0.009 0"><span class='ocrx_word' id='word_1_546' title='bbox 132 2550 238 2572; x_wconf 84' lang='lat' dir='ltr'>carcari</span> <span class='ocrx_word' id='word_1_547' title='bbox 283 2550 346 2571; x_wconf 78' lang='lat' dir='ltr'>cere</span> 
     </span>
    </p>

    <p class='ocr_par' dir='ltr' id='par_1_11' title="bbox 137 2564 1211 2733">
     <span class='ocr_line' id='line_1_66' title="bbox 175 2564 1207 2618; baseline -0.001 -8"><span class='ocrx_word' id='word_1_548' title='bbox 175 2579 273 2617; x_wconf 88' lang='lat' dir='ltr'>anue</span> <span class='ocrx_word' id='word_1_549' title='bbox 286 2580 316 2609; x_wconf 90' lang='lat' dir='ltr'>in</span> <span class='ocrx_word' id='word_1_550' title='bbox 331 2564 392 2610; x_wconf 70' lang='lat' dir='ltr'>hoc</span> <span class='ocrx_word' id='word_1_551' title='bbox 409 2578 518 2618; x_wconf 85' lang='lat' dir='ltr'>Regno</span> <span class='ocrx_word' id='word_1_552' title='bbox 530 2577 630 2609; x_wconf 89' lang='lat' dir='ltr'>nostro</span> <span class='ocrx_word' id='word_1_553' title='bbox 647 2578 774 2618; x_wconf 83' lang='lat' dir='ltr'>Angliae,</span> <span class='ocrx_word' id='word_1_554' title='bbox 786 2578 832 2609; x_wconf 91' lang='lat' dir='ltr'>seu</span> <span class='ocrx_word' id='word_1_555' title='bbox 847 2579 877 2609; x_wconf 89' lang='lat' dir='ltr'>in</span> <span class='ocrx_word' id='word_1_556' title='bbox 893 2577 1023 2609; x_wconf 88' lang='lat' dir='ltr'>Flandria</span> <span class='ocrx_word' id='word_1_557' title='bbox 1037 2578 1070 2610; x_wconf 71' lang='grc' dir='ltr'>ὃ(</span> <span class='ocrx_word' id='word_1_558' title='bbox 1085 2578 1207 2617; x_wconf 83' lang='lat' dir='ltr'>Hispan-</span> 
     </span>
     <span class='ocr_line' id='line_1_67' title="bbox 137 2618 1208 2656; baseline 0 -7"><span class='ocrx_word' id='word_1_559' title='bbox 137 2618 200 2656; x_wconf 86' lang='lat' dir='ltr'>nia,</span> <span class='ocrx_word' id='word_1_560' title='bbox 219 2619 263 2649; x_wconf 91' lang='lat' dir='ltr'>vel</span> <span class='ocrx_word' id='word_1_561' title='bbox 274 2618 341 2648; x_wconf 88' lang='lat' dir='ltr'>alibi</span> <span class='ocrx_word' id='word_1_562' title='bbox 353 2618 529 2655; x_wconf 90' lang='lat' dir='ltr'>ubicumque</span> <span class='ocrx_word' id='word_1_563' title='bbox 547 2618 585 2647; x_wconf 91' lang='lat' dir='ltr'>eis</span> <span class='ocrx_word' id='word_1_564' title='bbox 598 2626 644 2647; x_wconf 87' lang='lat' dir='ltr'>aut</span> <span class='ocrx_word' id='word_1_565' title='bbox 670 2627 772 2648; x_wconf 90' lang='lat' dir='ltr'>eorum</span> <span class='ocrx_word' id='word_1_566' title='bbox 794 2618 877 2648; x_wconf 89' lang='lat' dir='ltr'>alicui</span> <span class='ocrx_word' id='word_1_567' title='bbox 898 2618 1033 2656; x_wconf 83' lang='lat' dir='ltr'>placuerit</span> <span class='ocrx_word' id='word_1_568' title='bbox 1050 2640 1060 2655; x_wconf 90' lang='lat'>,</span> <span class='ocrx_word' id='word_1_569' title='bbox 1084 2618 1208 2650; x_wconf 90' lang='lat' dir='ltr'>vendere</span> 
     </span>
     <span class='ocr_line' id='line_1_68' title="bbox 137 2656 1206 2694; baseline 0 -7"><span class='ocrx_word' id='word_1_570' title='bbox 137 2656 184 2687; x_wconf 74' lang='lat' dir='ltr'>seu</span> <span class='ocrx_word' id='word_1_571' title='bbox 197 2656 272 2687; x_wconf 84' lang='lat' dir='ltr'>aliter</span> <span class='ocrx_word' id='word_1_572' title='bbox 284 2656 431 2694; x_wconf 82' lang='lat' dir='ltr'>disponere</span> <span class='ocrx_word' id='word_1_573' title='bbox 447 2656 481 2686; x_wconf 86' lang='lat'>&amp;</span> <span class='ocrx_word' id='word_1_574' title='bbox 494 2656 672 2694; x_wconf 82' lang='lat' dir='ltr'>excambire,</span> <span class='ocrx_word' id='word_1_575' title='bbox 691 2656 726 2686; x_wconf 89' lang='lat' dir='ltr'>ad</span> <span class='ocrx_word' id='word_1_576' title='bbox 746 2665 846 2686; x_wconf 89' lang='lat' dir='ltr'>eorum</span> <span class='ocrx_word' id='word_1_577' title='bbox 878 2656 911 2686; x_wconf 70' lang='grc' dir='ltr'>δε</span> <span class='ocrx_word' id='word_1_578' title='bbox 934 2656 1080 2694; x_wconf 86' lang='lat' dir='ltr'>cujussibet</span> <span class='ocrx_word' id='word_1_579' title='bbox 1105 2666 1206 2687; x_wconf 89' lang='lat' dir='ltr'>eorum</span> 
     </span>
     <span class='ocr_line' id='line_1_69' title="bbox 138 2693 1211 2733; baseline 0.001 -8"><span class='ocrx_word' id='word_1_580' title='bbox 138 2695 270 2726; x_wconf 90' lang='lat' dir='ltr'>Libitum</span> <span class='ocrx_word' id='word_1_581' title='bbox 290 2696 325 2727; x_wconf 91' lang='lat'>&amp;</span> <span class='ocrx_word' id='word_1_582' title='bbox 348 2696 506 2726; x_wconf 82' lang='lat' dir='ltr'>maximum</span> <span class='ocrx_word' id='word_1_583' title='bbox 530 2693 737 2726; x_wconf 87' lang='lat' dir='ltr'>Commodum</span> <span class='ocrx_word' id='word_1_584' title='bbox 752 2717 762 2733; x_wconf 94' lang='lat'>,</span> <span class='ocrx_word' id='word_1_585' title='bbox 794 2693 965 2726; x_wconf 85' lang='lat' dir='ltr'>Proficuum</span> <span class='ocrx_word' id='word_1_586' title='bbox 1000 2695 1034 2726; x_wconf 73' lang='grc' dir='ltr'>ὃ(</span> <span class='ocrx_word' id='word_1_587' title='bbox 1064 2695 1211 2727; x_wconf 89' lang='lat' dir='ltr'>Advanta-</span> 
     </span>
    </p>

    <p class='ocr_par' dir='ltr' id='par_1_12' title="bbox 156 2743 217 2765">
     <span class='ocr_line' id='line_1_70' title="bbox 156 2743 217 2765; baseline -0.033 0"><span class='ocrx_word' id='word_1_588' title='bbox 156 2743 217 2765; x_wconf 90' lang='lat' dir='ltr'>ium</span> 
     </span>
    </p>

    <p class='ocr_par' dir='ltr' id='par_1_13' title="bbox 136 2742 1214 3352">
     <span class='ocr_line' id='line_1_71' title="bbox 136 2742 1210 2811; baseline 0.001 -9"><span class='ocrx_word' id='word_1_589' title='bbox 136 2742 156 2775; x_wconf 74' lang='lat' dir='ltr'>g</span> <span class='ocrx_word' id='word_1_590' title='bbox 176 2757 308 2803; x_wconf 70' lang='lat' dir='ltr'>Ne’cnon</span> <span class='ocrx_word' id='word_1_591' title='bbox 323 2772 435 2803; x_wconf 71' lang='lat' dir='ltr'>di&amp;um</span> <span class='ocrx_word' id='word_1_592' title='bbox 451 2771 623 2803; x_wconf 86' lang='lat' dir='ltr'>Numerum</span> <span class='ocrx_word' id='word_1_593' title='bbox 637 2772 672 2804; x_wconf 91' lang='lat'>&amp;</span> <span class='ocrx_word' id='word_1_594' title='bbox 689 2771 888 2810; x_wconf 85' lang='lat' dir='ltr'>Qiantitatem</span> <span class='ocrx_word' id='word_1_595' title='bbox 905 2770 987 2801; x_wconf 84' lang='lat' dir='ltr'>Mille</span> <span class='ocrx_word' id='word_1_596' title='bbox 1006 2771 1045 2807; x_wconf 61' lang='grc' dir='ltr'><strong><em>ὠ</em></strong></span> <span class='ocrx_word' id='word_1_597' title='bbox 1066 2772 1210 2811; x_wconf 56' lang='lat' dir='ltr'>⁸Quingen-</span> 
     </span>
     <span class='ocr_line' id='line_1_72' title="bbox 139 2809 1210 2851; baseline 0 -10"><span class='ocrx_word' id='word_1_598' title='bbox 139 2818 228 2841; x_wconf 84' lang='lat' dir='ltr'>torum</span> <span class='ocrx_word' id='word_1_599' title='bbox 240 2810 385 2841; x_wconf 88' lang='lat' dir='ltr'>Doliorum</span> <span class='ocrx_word' id='word_1_600' title='bbox 392 2811 457 2851; x_wconf 80' lang='lat' dir='ltr'>five</span> <span class='ocrx_word' id='word_1_601' title='bbox 473 2810 645 2839; x_wconf 85' lang='lat' dir='ltr'>Tonellorum</span> <span class='ocrx_word' id='word_1_602' title='bbox 667 2809 814 2841; x_wconf 90' lang='lat' dir='ltr'>Vinorum</span> <span class='ocrx_word' id='word_1_603' title='bbox 829 2833 839 2848; x_wconf 95' lang='lat'>,</span> <span class='ocrx_word' id='word_1_604' title='bbox 857 2820 1031 2841; x_wconf 89' lang='lat' dir='ltr'>vocatorum</span> <span class='ocrx_word' id='word_1_605' title='bbox 1051 2813 1153 2841; x_wconf 69' lang='lat' dir='ltr'>annes</span> <span class='ocrx_word' id='word_1_606' title='bbox 1172 2810 1210 2846; x_wconf 59' lang='grc' dir='ltr'>(θ’</span> 
     </span>
     <span class='ocr_line' id='line_1_73' title="bbox 139 2848 1212 2887; baseline 0.001 -7"><span class='ocrx_word' id='word_1_607' title='bbox 139 2849 487 2886; x_wconf 80' lang='lat' dir='ltr'>Tontight,GuaJdorum,</span> <span class='ocrx_word' id='word_1_608' title='bbox 502 2848 707 2887; x_wconf 81' lang='lat' dir='ltr'>Pastellorum,</span> <span class='ocrx_word' id='word_1_609' title='bbox 725 2848 808 2887; x_wconf 92' lang='lat' dir='ltr'>Salis,</span> <span class='ocrx_word' id='word_1_610' title='bbox 836 2848 1026 2887; x_wconf 89' lang='lat' dir='ltr'>Birettorum,</span> <span class='ocrx_word' id='word_1_611' title='bbox 1049 2850 1082 2879; x_wconf 91' lang='lat'>&amp;</span> <span class='ocrx_word' id='word_1_612' title='bbox 1104 2848 1212 2881; x_wconf 92' lang='lat' dir='ltr'>Canvi-</span> 
     </span>
     <span class='ocr_line' id='line_1_74' title="bbox 142 2886 1211 2926; baseline 0.001 -8"><span class='ocrx_word' id='word_1_613' title='bbox 142 2888 190 2926; x_wconf 78' lang='lat' dir='ltr'>sii,</span> <span class='ocrx_word' id='word_1_614' title='bbox 209 2898 243 2918; x_wconf 89' lang='lat' dir='ltr'>ac</span> <span class='ocrx_word' id='word_1_615' title='bbox 255 2888 373 2918; x_wconf 90' lang='lat' dir='ltr'>aliorum</span> <span class='ocrx_word' id='word_1_616' title='bbox 392 2887 559 2925; x_wconf 85' lang='lat' dir='ltr'>Bonorum,</span> <span class='ocrx_word' id='word_1_617' title='bbox 580 2886 690 2917; x_wconf 87' lang='lat' dir='ltr'>Rerum</span> <span class='ocrx_word' id='word_1_618' title='bbox 706 2889 739 2918; x_wconf 90' lang='lat'>&amp;</span> <span class='ocrx_word' id='word_1_619' title='bbox 749 2887 996 2918; x_wconf 89' lang='lat' dir='ltr'>Mercandisarum</span> <span class='ocrx_word' id='word_1_620' title='bbox 1010 2888 1211 2926; x_wconf 62' lang='lat' dir='ltr'>praedicitarum</span> 
     </span>
     <span class='ocr_line' id='line_1_75' title="bbox 142 2925 1211 2958; baseline 0.002 -2"><span class='ocrx_word' id='word_1_621' title='bbox 142 2927 173 2957; x_wconf 87' lang='lat' dir='ltr'>in</span> <span class='ocrx_word' id='word_1_622' title='bbox 190 2927 282 2956; x_wconf 87' lang='lat' dir='ltr'>Libris</span> <span class='ocrx_word' id='word_1_623' title='bbox 294 2925 545 2956; x_wconf 89' lang='lat' dir='ltr'>Custumariorum</span> <span class='ocrx_word' id='word_1_624' title='bbox 561 2925 726 2955; x_wconf 87' lang='lat' dir='ltr'>nostrorum</span> <span class='ocrx_word' id='word_1_625' title='bbox 741 2935 776 2956; x_wconf 90' lang='lat' dir='ltr'>ac</span> <span class='ocrx_word' id='word_1_626' title='bbox 790 2925 990 2957; x_wconf 66' lang='lat' dir='ltr'>Collectorum</span> <span class='ocrx_word' id='word_1_627' title='bbox 1005 2926 1211 2958; x_wconf 85' lang='lat' dir='ltr'>Custumarum</span> 
     </span>
     <span class='ocr_line' id='line_1_76' title="bbox 142 2963 1212 3006; baseline 0 -10"><span class='ocrx_word' id='word_1_628' title='bbox 142 2965 177 2996; x_wconf 89' lang='lat'>&amp;</span> <span class='ocrx_word' id='word_1_629' title='bbox 193 2964 390 2996; x_wconf 88' lang='lat' dir='ltr'>Subsidiorum</span> <span class='ocrx_word' id='word_1_630' title='bbox 405 2963 571 2994; x_wconf 89' lang='lat' dir='ltr'>nostrorum</span> <span class='ocrx_word' id='word_1_631' title='bbox 581 2972 628 2995; x_wconf 90' lang='lat' dir='ltr'>aut</span> <span class='ocrx_word' id='word_1_632' title='bbox 642 2973 742 2995; x_wconf 89' lang='lat' dir='ltr'>eorum</span> <span class='ocrx_word' id='word_1_633' title='bbox 755 2964 871 3003; x_wconf 89' lang='lat' dir='ltr'>alicujus</span> <span class='ocrx_word' id='word_1_634' title='bbox 884 2966 914 2994; x_wconf 92' lang='lat' dir='ltr'>iri</span> <span class='ocrx_word' id='word_1_635' title='bbox 938 2965 1119 2995; x_wconf 89' lang='lat' dir='ltr'>Nominibus</span> <span class='ocrx_word' id='word_1_636' title='bbox 1144 2975 1212 3006; x_wconf 92' lang='lat' dir='ltr'>pro-</span> 
     </span>
     <span class='ocr_line' id='line_1_77' title="bbox 144 3001 1212 3044; baseline 0.001 -11"><span class='ocrx_word' id='word_1_637' title='bbox 144 3004 211 3042; x_wconf 85' lang='lat' dir='ltr'>priis</span> <span class='ocrx_word' id='word_1_638' title='bbox 222 3003 367 3034; x_wconf 60' lang='lat' dir='ltr'>dierorum</span> <span class='ocrx_word' id='word_1_639' title='bbox 383 3002 492 3033; x_wconf 78' lang='lat' dir='ltr'>Thomae</span> <span class='ocrx_word' id='word_1_640' title='bbox 516 3001 648 3042; x_wconf 80' lang='lat' dir='ltr'>Barnaby</span> <span class='ocrx_word' id='word_1_641' title='bbox 662 3025 672 3039; x_wconf 87' lang='lat'>,</span> <span class='ocrx_word' id='word_1_642' title='bbox 696 3002 789 3034; x_wconf 84' lang='lat' dir='ltr'>Alani</span> <span class='ocrx_word' id='word_1_643' title='bbox 808 3006 905 3042; x_wconf 85' lang='lat' dir='ltr'>Kyng,</span> <span class='ocrx_word' id='word_1_644' title='bbox 929 3006 1042 3033; x_wconf 83' lang='lat' dir='ltr'>Henrici</span> <span class='ocrx_word' id='word_1_645' title='bbox 1065 3006 1158 3044; x_wconf 80' lang='lat' dir='ltr'>Page,</span> <span class='ocrx_word' id='word_1_646' title='bbox 1177 3006 1212 3036; x_wconf 70' lang='grc' dir='ltr'>ὃς</span> 
     </span>
     <span class='ocr_line' id='line_1_78' title="bbox 145 3041 1212 3081; baseline 0.001 -8"><span class='ocrx_word' id='word_1_647' title='bbox 145 3045 175 3073; x_wconf 89' lang='lat' dir='ltr'><em>V</em></span> <span class='ocrx_word' id='word_1_648' title='bbox 178 3045 288 3072; x_wconf 83' lang='lat' dir='ltr'>incentii</span> <span class='ocrx_word' id='word_1_649' title='bbox 301 3042 347 3072; x_wconf 88' lang='lat' dir='ltr'>vel</span> <span class='ocrx_word' id='word_1_650' title='bbox 361 3049 463 3072; x_wconf 89' lang='lat' dir='ltr'>eorum</span> <span class='ocrx_word' id='word_1_651' title='bbox 479 3041 595 3080; x_wconf 87' lang='lat' dir='ltr'>alicujus</span> <span class='ocrx_word' id='word_1_652' title='bbox 617 3041 754 3072; x_wconf 91' lang='lat' dir='ltr'>Nomine</span> <span class='ocrx_word' id='word_1_653' title='bbox 774 3043 890 3081; x_wconf 87' lang='lat' dir='ltr'>proprio</span> <span class='ocrx_word' id='word_1_654' title='bbox 904 3065 914 3081; x_wconf 91' lang='lat'>,</span> <span class='ocrx_word' id='word_1_655' title='bbox 937 3042 983 3073; x_wconf 90' lang='lat' dir='ltr'>vel</span> <span class='ocrx_word' id='word_1_656' title='bbox 1006 3043 1141 3075; x_wconf 86' lang='lat' dir='ltr'>Nomine</span> <span class='ocrx_word' id='word_1_657' title='bbox 1165 3043 1212 3075; x_wconf 91' lang='lat' dir='ltr'>seu</span> 
     </span>
     <span class='ocr_line' id='line_1_79' title="bbox 144 3079 1209 3121; baseline -0.001 -8"><span class='ocrx_word' id='word_1_658' title='bbox 144 3080 331 3113; x_wconf 87' lang='lat' dir='ltr'>Nominibus</span> <span class='ocrx_word' id='word_1_659' title='bbox 348 3081 463 3118; x_wconf 84' lang='lat' dir='ltr'>alicujus</span> <span class='ocrx_word' id='word_1_660' title='bbox 477 3080 587 3111; x_wconf 88' lang='lat' dir='ltr'>alterius</span> <span class='ocrx_word' id='word_1_661' title='bbox 602 3079 733 3111; x_wconf 75' lang='lat' dir='ltr'>Personae</span> <span class='ocrx_word' id='word_1_662' title='bbox 747 3081 966 3121; x_wconf 89' lang='lat' dir='ltr'>cujuscumque,</span> <span class='ocrx_word' id='word_1_663' title='bbox 985 3082 1031 3112; x_wconf 91' lang='lat' dir='ltr'>vel</span> <span class='ocrx_word' id='word_1_664' title='bbox 1051 3082 1209 3119; x_wconf 88' lang='lat' dir='ltr'>aliquarum</span> 
     </span>
     <span class='ocr_line' id='line_1_80' title="bbox 143 3118 1211 3160; baseline 0 -9"><span class='ocrx_word' id='word_1_665' title='bbox 143 3120 259 3152; x_wconf 82' lang='lat' dir='ltr'>aliarum</span> <span class='ocrx_word' id='word_1_666' title='bbox 277 3118 462 3150; x_wconf 85' lang='lat' dir='ltr'>Personarum</span> <span class='ocrx_word' id='word_1_667' title='bbox 478 3128 726 3157; x_wconf 87' lang='lat' dir='ltr'>quarumcumque</span> <span class='ocrx_word' id='word_1_668' title='bbox 740 3119 940 3158; x_wconf 87' lang='lat' dir='ltr'>Indigenarum</span> <span class='ocrx_word' id='word_1_669' title='bbox 964 3120 1010 3150; x_wconf 91' lang='lat' dir='ltr'>vel</span> <span class='ocrx_word' id='word_1_670' title='bbox 1030 3119 1211 3160; x_wconf 85' lang='lat' dir='ltr'>Alienigena-</span> 
     </span>
     <span class='ocr_line' id='line_1_81' title="bbox 145 3158 1212 3197; baseline 0.002 -9"><span class='ocrx_word' id='word_1_671' title='bbox 145 3168 229 3197; x_wconf 80' lang='lat' dir='ltr'>rum,</span> <span class='ocrx_word' id='word_1_672' title='bbox 246 3158 282 3188; x_wconf 93' lang='lat' dir='ltr'>de</span> <span class='ocrx_word' id='word_1_673' title='bbox 298 3165 429 3195; x_wconf 87' lang='lat' dir='ltr'>ternpore</span> <span class='ocrx_word' id='word_1_674' title='bbox 442 3159 471 3188; x_wconf 91' lang='lat' dir='ltr'>in</span> <span class='ocrx_word' id='word_1_675' title='bbox 484 3166 612 3195; x_wconf 80' lang='lat' dir='ltr'>tempus,</span> <span class='ocrx_word' id='word_1_676' title='bbox 630 3158 732 3189; x_wconf 91' lang='lat' dir='ltr'>intrare</span> <span class='ocrx_word' id='word_1_677' title='bbox 757 3159 790 3189; x_wconf 89' lang='lat'>&amp;</span> <span class='ocrx_word' id='word_1_678' title='bbox 811 3159 907 3188; x_wconf 87' lang='lat' dir='ltr'>intrari</span> <span class='ocrx_word' id='word_1_679' title='bbox 930 3158 1019 3190; x_wconf 90' lang='lat' dir='ltr'>facere</span> <span class='ocrx_word' id='word_1_680' title='bbox 1043 3159 1077 3190; x_wconf 89' lang='lat'>&amp;</span> <span class='ocrx_word' id='word_1_681' title='bbox 1103 3160 1212 3190; x_wconf 87' lang='lat' dir='ltr'>causare</span> 
     </span>
     <span class='ocr_line' id='line_1_82' title="bbox 144 3195 1214 3237; baseline 0.001 -9"><span class='ocrx_word' id='word_1_682' title='bbox 144 3197 252 3236; x_wconf 87' lang='lat' dir='ltr'>possint</span> <span class='ocrx_word' id='word_1_683' title='bbox 263 3204 366 3235; x_wconf 83' lang='lat' dir='ltr'>queant</span> <span class='ocrx_word' id='word_1_684' title='bbox 379 3196 413 3226; x_wconf 68' lang='grc' dir='ltr'>ὃς</span> <span class='ocrx_word' id='word_1_685' title='bbox 427 3195 555 3234; x_wconf 87' lang='lat' dir='ltr'>valeant,</span> <span class='ocrx_word' id='word_1_686' title='bbox 572 3197 606 3226; x_wconf 90' lang='lat'>&amp;</span> <span class='ocrx_word' id='word_1_687' title='bbox 619 3196 736 3234; x_wconf 90' lang='lat' dir='ltr'>quilibet</span> <span class='ocrx_word' id='word_1_688' title='bbox 753 3206 853 3228; x_wconf 87' lang='lat' dir='ltr'>eorum</span> <span class='ocrx_word' id='word_1_689' title='bbox 871 3196 954 3236; x_wconf 82' lang='lat' dir='ltr'>poffit</span> <span class='ocrx_word' id='word_1_690' title='bbox 966 3205 1050 3236; x_wconf 83' lang='lat' dir='ltr'>queat</span> <span class='ocrx_word' id='word_1_691' title='bbox 1064 3199 1098 3229; x_wconf 88' lang='lat'>&amp;</span> <span class='ocrx_word' id='word_1_692' title='bbox 1113 3198 1214 3237; x_wconf 88' lang='lat' dir='ltr'>valeat,</span> 
     </span>
     <span class='ocr_line' id='line_1_83' title="bbox 146 3234 1214 3275; baseline -0.001 -7"><span class='ocrx_word' id='word_1_693' title='bbox 146 3237 251 3274; x_wconf 83' lang='lat' dir='ltr'>absque</span> <span class='ocrx_word' id='word_1_694' title='bbox 262 3234 490 3275; x_wconf 76' lang='lat' dir='ltr'>impedimento,</span> <span class='ocrx_word' id='word_1_695' title='bbox 509 3234 724 3266; x_wconf 88' lang='lat' dir='ltr'>Perturbatione</span> <span class='ocrx_word' id='word_1_696' title='bbox 738 3257 747 3273; x_wconf 90' lang='lat'>‚</span> <span class='ocrx_word' id='word_1_697' title='bbox 771 3235 1007 3266; x_wconf 68' lang='lat' dir='ltr'>Contradietione</span> <span class='ocrx_word' id='word_1_698' title='bbox 1024 3259 1033 3274; x_wconf 95' lang='lat'>,</span> <span class='ocrx_word' id='word_1_699' title='bbox 1053 3238 1098 3266; x_wconf 81' lang='lat' dir='ltr'>seu</span> <span class='ocrx_word' id='word_1_700' title='bbox 1116 3235 1214 3267; x_wconf 90' lang='lat' dir='ltr'>Mole-</span> 
     </span>
     <span class='ocr_line' id='line_1_84' title="bbox 149 3273 1214 3313; baseline 0 -7"><span class='ocrx_word' id='word_1_701' title='bbox 149 3275 270 3306; x_wconf 82' lang='lat' dir='ltr'>statione</span> <span class='ocrx_word' id='word_1_702' title='bbox 289 3274 378 3304; x_wconf 89' lang='lat' dir='ltr'>nostri</span> <span class='ocrx_word' id='word_1_703' title='bbox 398 3283 446 3305; x_wconf 86' lang='lat' dir='ltr'>aut</span> <span class='ocrx_word' id='word_1_704' title='bbox 469 3273 631 3304; x_wconf 81' lang='lat' dir='ltr'>Haeredum</span> <span class='ocrx_word' id='word_1_705' title='bbox 652 3274 698 3304; x_wconf 90' lang='lat' dir='ltr'>vel</span> <span class='ocrx_word' id='word_1_706' title='bbox 725 3273 929 3304; x_wconf 85' lang='lat' dir='ltr'>Succefforum</span> <span class='ocrx_word' id='word_1_707' title='bbox 949 3273 1115 3305; x_wconf 88' lang='lat' dir='ltr'>nostrorum</span> <span class='ocrx_word' id='word_1_708' title='bbox 1131 3299 1141 3313; x_wconf 80' lang='lat'>,</span> <span class='ocrx_word' id='word_1_709' title='bbox 1167 3284 1214 3306; x_wconf 89' lang='lat' dir='ltr'>aut</span> 
     </span>
     <span class='ocr_line' id='line_1_85' title="bbox 149 3311 1109 3352; baseline -0.001 -8"><span class='ocrx_word' id='word_1_710' title='bbox 149 3313 368 3344; x_wconf 87' lang='lat' dir='ltr'>Officiariorum</span> <span class='ocrx_word' id='word_1_711' title='bbox 392 3312 438 3343; x_wconf 90' lang='lat' dir='ltr'>vel</span> <span class='ocrx_word' id='word_1_712' title='bbox 454 3311 655 3342; x_wconf 89' lang='lat' dir='ltr'>Ministrorum</span> <span class='ocrx_word' id='word_1_713' title='bbox 672 3311 837 3342; x_wconf 88' lang='lat' dir='ltr'>nostrorum</span> <span class='ocrx_word' id='word_1_714' title='bbox 852 3322 1109 3352; x_wconf 86' lang='lat' dir='ltr'>quorumcumque.</span> 
     </span>
    </p>

    <p class='ocr_par' dir='ltr' id='par_1_14' title="bbox 149 3350 1217 3466">
     <span class='ocr_line' id='line_1_86' title="bbox 190 3350 1216 3391; baseline -0.001 -8"><span class='ocrx_word' id='word_1_715' title='bbox 190 3352 302 3383; x_wconf 89' lang='lat' dir='ltr'>Statuto</span> <span class='ocrx_word' id='word_1_716' title='bbox 315 3351 352 3382; x_wconf 92' lang='lat' dir='ltr'>de</span> <span class='ocrx_word' id='word_1_717' title='bbox 375 3350 474 3389; x_wconf 88' lang='lat' dir='ltr'>Vinis,</span> <span class='ocrx_word' id='word_1_718' title='bbox 492 3350 527 3381; x_wconf 89' lang='lat'>&amp;</span> <span class='ocrx_word' id='word_1_719' title='bbox 547 3350 670 3381; x_wconf 88' lang='lat' dir='ltr'>Pastellis</span> <span class='ocrx_word' id='word_1_720' title='bbox 694 3351 845 3388; x_wconf 86' lang='lat' dir='ltr'>vulgariter</span> <span class='ocrx_word' id='word_1_721' title='bbox 864 3351 946 3381; x_wconf 68' lang='lat' dir='ltr'>dietis</span> <span class='ocrx_word' id='word_1_722' title='bbox 967 3351 1092 3382; x_wconf 83' lang='lat' dir='ltr'>Tholows</span> <span class='ocrx_word' id='word_1_723' title='bbox 1115 3352 1216 3391; x_wconf 70' lang='lat' dir='ltr'>mad,</span> 
     </span>
     <span class='ocr_line' id='line_1_87' title="bbox 149 3388 1217 3429; baseline 0 -8"><span class='ocrx_word' id='word_1_724' title='bbox 149 3389 241 3421; x_wconf 78' lang='lat' dir='ltr'>&#39;Anno</span> <span class='ocrx_word' id='word_1_725' title='bbox 255 3390 370 3428; x_wconf 82' lang='lat' dir='ltr'>Qarto</span> <span class='ocrx_word' id='word_1_726' title='bbox 384 3388 482 3428; x_wconf 86' lang='lat' dir='ltr'>Regni</span> <span class='ocrx_word' id='word_1_727' title='bbox 493 3389 710 3420; x_wconf 84' lang='lat' dir='ltr'>Praechariffimi</span> <span class='ocrx_word' id='word_1_728' title='bbox 725 3389 812 3420; x_wconf 90' lang='lat' dir='ltr'>Patris</span> <span class='ocrx_word' id='word_1_729' title='bbox 827 3388 917 3419; x_wconf 89' lang='lat' dir='ltr'>nostri</span> <span class='ocrx_word' id='word_1_730' title='bbox 932 3390 1010 3421; x_wconf 85' lang='lat' dir='ltr'>edito</span> <span class='ocrx_word' id='word_1_731' title='bbox 1024 3413 1035 3429; x_wconf 86' lang='lat'>,</span> <span class='ocrx_word' id='word_1_732' title='bbox 1052 3399 1099 3422; x_wconf 91' lang='lat' dir='ltr'>aut</span> <span class='ocrx_word' id='word_1_733' title='bbox 1120 3392 1217 3429; x_wconf 90' lang='lat' dir='ltr'>aliquo</span> 
     </span>
     <span class='ocr_line' id='line_1_88' title="bbox 150 3427 941 3466; baseline 0 -8"><span class='ocrx_word' id='word_1_734' title='bbox 150 3428 206 3459; x_wconf 82' lang='lat' dir='ltr'>alio</span> <span class='ocrx_word' id='word_1_735' title='bbox 220 3428 347 3466; x_wconf 81' lang='lat' dir='ltr'>Statuto,</span> <span class='ocrx_word' id='word_1_736' title='bbox 367 3429 396 3459; x_wconf 90' lang='lat' dir='ltr'>in</span> <span class='ocrx_word' id='word_1_737' title='bbox 411 3428 585 3459; x_wconf 88' lang='lat' dir='ltr'>contrarium</span> <span class='ocrx_word' id='word_1_738' title='bbox 599 3428 692 3466; x_wconf 64' lang='lat' dir='ltr'>facto,</span> <span class='ocrx_word' id='word_1_739' title='bbox 710 3436 771 3458; x_wconf 90' lang='lat' dir='ltr'>non</span> <span class='ocrx_word' id='word_1_740' title='bbox 793 3427 941 3459; x_wconf 87' lang='lat' dir='ltr'>obstante:</span> 
     </span>
    </p>

    <p class='ocr_par' dir='ltr' id='par_1_15' title="bbox 153 3465 1219 3546">
     <span class='ocr_line' id='line_1_89' title="bbox 192 3465 1217 3506; baseline 0.002 -10"><span class='ocrx_word' id='word_1_741' title='bbox 192 3465 230 3496; x_wconf 87' lang='lat' dir='ltr'>Et</span> <span class='ocrx_word' id='word_1_742' title='bbox 245 3467 373 3505; x_wconf 87' lang='lat' dir='ltr'>ulterius,</span> <span class='ocrx_word' id='word_1_743' title='bbox 391 3467 427 3498; x_wconf 91' lang='lat' dir='ltr'>de</span> <span class='ocrx_word' id='word_1_744' title='bbox 441 3467 565 3498; x_wconf 89' lang='lat' dir='ltr'>uberiori</span> <span class='ocrx_word' id='word_1_745' title='bbox 579 3466 679 3498; x_wconf 73' lang='lat' dir='ltr'>Gratia</span> <span class='ocrx_word' id='word_1_746' title='bbox 691 3465 803 3506; x_wconf 72' lang='lat' dir='ltr'>nostra,</span> <span class='ocrx_word' id='word_1_747' title='bbox 822 3466 995 3505; x_wconf 82' lang='lat' dir='ltr'>Licentiam,</span> <span class='ocrx_word' id='word_1_748' title='bbox 1012 3467 1131 3498; x_wconf 90' lang='lat' dir='ltr'>Tenore</span> <span class='ocrx_word' id='word_1_749' title='bbox 1139 3467 1217 3499; x_wconf 86' lang='lat' dir='ltr'>Prae-</span> 
     </span>
     <span class='ocr_line' id='line_1_90' title="bbox 153 3504 1219 3546; baseline 0 -10"><span class='ocrx_word' id='word_1_750' title='bbox 153 3504 293 3543; x_wconf 83' lang='lat' dir='ltr'>sentium,</span> <span class='ocrx_word' id='word_1_751' title='bbox 314 3504 425 3535; x_wconf 89' lang='lat' dir='ltr'>Damus</span> <span class='ocrx_word' id='word_1_752' title='bbox 442 3507 475 3536; x_wconf 92' lang='lat'>&amp;</span> <span class='ocrx_word' id='word_1_753' title='bbox 490 3505 688 3536; x_wconf 86' lang='lat' dir='ltr'>Concedimus</span> <span class='ocrx_word' id='word_1_754' title='bbox 702 3506 823 3542; x_wconf 72' lang='lat' dir='ltr'>praefatis</span> <span class='ocrx_word' id='word_1_755' title='bbox 835 3505 943 3536; x_wconf 84' lang='lat' dir='ltr'>Thomae</span> <span class='ocrx_word' id='word_1_756' title='bbox 964 3505 1097 3546; x_wconf 81' lang='lat' dir='ltr'>Barnaby</span> <span class='ocrx_word' id='word_1_757' title='bbox 1108 3529 1118 3544; x_wconf 88' lang='lat'>,</span> <span class='ocrx_word' id='word_1_758' title='bbox 1141 3506 1219 3536; x_wconf 86' lang='lat' dir='ltr'>Ala-</span> 
     </span>
    </p>

    <p class='ocr_par' dir='ltr' id='par_1_16' title="bbox 156 3544 1220 3887">
     <span class='ocr_line' id='line_1_91' title="bbox 156 3544 1217 3584; baseline 0.002 -11"><span class='ocrx_word' id='word_1_759' title='bbox 156 3554 191 3574; x_wconf 75' lang='grc' dir='ltr'>πο</span> <span class='ocrx_word' id='word_1_760' title='bbox 204 3545 285 3584; x_wconf 83' lang='lat' dir='ltr'><em>Kyng</em></span> <span class='ocrx_word' id='word_1_761' title='bbox 320 3545 436 3573; x_wconf 81' lang='lat' dir='ltr'>Henrico</span> <span class='ocrx_word' id='word_1_762' title='bbox 450 3547 541 3583; x_wconf 85' lang='lat' dir='ltr'>Page,</span> <span class='ocrx_word' id='word_1_763' title='bbox 560 3545 594 3576; x_wconf 88' lang='lat'>&amp;</span> <span class='ocrx_word' id='word_1_764' title='bbox 610 3546 769 3583; x_wconf 84' lang='lat' dir='ltr'>Vincentio,</span> <span class='ocrx_word' id='word_1_765' title='bbox 786 3544 867 3582; x_wconf 83' lang='lat' dir='ltr'>quod</span> <span class='ocrx_word' id='word_1_766' title='bbox 883 3544 933 3582; x_wconf 88' lang='lat' dir='ltr'>ipfi</span> <span class='ocrx_word' id='word_1_767' title='bbox 947 3546 980 3576; x_wconf 91' lang='lat'>&amp;</span> <span class='ocrx_word' id='word_1_768' title='bbox 996 3544 1168 3575; x_wconf 84' lang='lat' dir='ltr'>Executores</span> <span class='ocrx_word' id='word_1_769' title='bbox 1183 3555 1217 3575; x_wconf 91' lang='lat' dir='ltr'>ac</span> 
     </span>
     <span class='ocr_line' id='line_1_92' title="bbox 159 3582 1219 3622; baseline 0.001 -10"><span class='ocrx_word' id='word_1_770' title='bbox 159 3582 277 3612; x_wconf 88' lang='lat' dir='ltr'>Admini</span> <span class='ocrx_word' id='word_1_771' title='bbox 305 3589 407 3611; x_wconf 89' lang='lat' dir='ltr'>ratores</span> <span class='ocrx_word' id='word_1_772' title='bbox 421 3582 458 3612; x_wconf 91' lang='lat' dir='ltr'>sui</span> <span class='ocrx_word' id='word_1_773' title='bbox 471 3583 596 3620; x_wconf 57' lang='lat' dir='ltr'>praedisti</span> <span class='ocrx_word' id='word_1_774' title='bbox 611 3584 644 3615; x_wconf 88' lang='lat'>&amp;</span> <span class='ocrx_word' id='word_1_775' title='bbox 657 3591 757 3613; x_wconf 89' lang='lat' dir='ltr'>eorum</span> <span class='ocrx_word' id='word_1_776' title='bbox 777 3582 893 3620; x_wconf 87' lang='lat' dir='ltr'>quilibet</span> <span class='ocrx_word' id='word_1_777' title='bbox 914 3593 961 3620; x_wconf 89' lang='lat' dir='ltr'>per</span> <span class='ocrx_word' id='word_1_778' title='bbox 980 3582 1016 3613; x_wconf 85' lang='lat' dir='ltr'>Se</span> <span class='ocrx_word' id='word_1_779' title='bbox 1034 3589 1048 3622; x_wconf 85' lang='lat'>,¹</span> <span class='ocrx_word' id='word_1_780' title='bbox 1068 3583 1219 3622; x_wconf 59' lang='lat' dir='ltr'>Fadiores,</span> 
     </span>
     <span class='ocr_line' id='line_1_93' title="bbox 157 3619 1219 3660; baseline 0 -9"><span class='ocrx_word' id='word_1_781' title='bbox 157 3619 338 3658; x_wconf 77' lang='lat' dir='ltr'>Deputatos,</span> <span class='ocrx_word' id='word_1_782' title='bbox 355 3619 526 3659; x_wconf 79' lang='lat' dir='ltr'>Servientes,</span> <span class='ocrx_word' id='word_1_783' title='bbox 544 3620 724 3660; x_wconf 86' lang='lat' dir='ltr'>Affignatos,</span> <span class='ocrx_word' id='word_1_784' title='bbox 741 3621 775 3652; x_wconf 89' lang='lat'>&amp;</span> <span class='ocrx_word' id='word_1_785' title='bbox 793 3620 959 3652; x_wconf 90' lang='lat' dir='ltr'>Attornatos</span> <span class='ocrx_word' id='word_1_786' title='bbox 973 3622 1034 3651; x_wconf 88' lang='lat' dir='ltr'>suos</span> <span class='ocrx_word' id='word_1_787' title='bbox 1077 3621 1219 3660; x_wconf 66' lang='lat' dir='ltr'>raedidtos,</span> 
     </span>
     <span class='ocr_line' id='line_1_94' title="bbox 158 3656 1219 3698; baseline 0.003 -10"><span class='ocrx_word' id='word_1_788' title='bbox 158 3666 353 3697; x_wconf 80' lang='lat' dir='ltr'>quaecumque</span> <span class='ocrx_word' id='word_1_789' title='bbox 366 3656 444 3687; x_wconf 84' lang='lat' dir='ltr'>Bona</span> <span class='ocrx_word' id='word_1_790' title='bbox 476 3659 683 3698; x_wconf 83' lang='lat' dir='ltr'>Mercandisas,</span> <span class='ocrx_word' id='word_1_791' title='bbox 711 3659 786 3697; x_wconf 89' lang='lat' dir='ltr'>Res,</span> <span class='ocrx_word' id='word_1_792' title='bbox 811 3659 943 3697; x_wconf 86' lang='lat' dir='ltr'>Merces,</span> <span class='ocrx_word' id='word_1_793' title='bbox 968 3660 1001 3690; x_wconf 91' lang='lat'>&amp;</span> <span class='ocrx_word' id='word_1_794' title='bbox 1063 3661 1219 3692; x_wconf 86' lang='lat' dir='ltr'>ercirnonia</span> 
     </span>
     <span class='ocr_line' id='line_1_95' title="bbox 160 3681 1220 3739; baseline 0.003 -13"><span class='ocrx_word' id='word_1_795' title='bbox 160 3698 192 3726; x_wconf 87' lang='lat' dir='ltr'>iri</span> <span class='ocrx_word' id='word_1_796' title='bbox 208 3697 266 3727; x_wconf 87' lang='lat' dir='ltr'>hoc</span> <span class='ocrx_word' id='word_1_797' title='bbox 280 3696 387 3739; x_wconf 78' lang='lat' dir='ltr'>Regno</span> <span class='ocrx_word' id='word_1_798' title='bbox 402 3681 498 3738; x_wconf 75' lang='lat' dir='ltr'>nos‘tro</span> <span class='ocrx_word' id='word_1_799' title='bbox 510 3698 639 3737; x_wconf 79' lang='lat' dir='ltr'>Angliae,</span> <span class='ocrx_word' id='word_1_800' title='bbox 656 3700 690 3731; x_wconf 86' lang='lat'>&amp;</span> <span class='ocrx_word' id='word_1_801' title='bbox 705 3697 854 3728; x_wconf 88' lang='lat' dir='ltr'>Dominiis</span> <span class='ocrx_word' id='word_1_802' title='bbox 868 3697 971 3728; x_wconf 83' lang='lat' dir='ltr'>nostris</span> <span class='ocrx_word' id='word_1_803' title='bbox 984 3697 1127 3737; x_wconf 89' lang='lat' dir='ltr'>ejusdem,</span> <span class='ocrx_word' id='word_1_804' title='bbox 1142 3708 1176 3729; x_wconf 89' lang='lat' dir='ltr'>ac</span> <span class='ocrx_word' id='word_1_805' title='bbox 1191 3708 1220 3729; x_wconf 88' lang='lat' dir='ltr'>a-</span> 
     </span>
     <span class='ocr_line' id='line_1_96' title="bbox 163 3734 1220 3776; baseline 0.003 -12"><span class='ocrx_word' id='word_1_806' title='bbox 163 3734 207 3764; x_wconf 79' lang='lat' dir='ltr'>liis</span> <span class='ocrx_word' id='word_1_807' title='bbox 222 3734 350 3766; x_wconf 88' lang='lat' dir='ltr'>Partibus</span> <span class='ocrx_word' id='word_1_808' title='bbox 366 3734 605 3776; x_wconf 85' lang='lat' dir='ltr'>quibuscumque,</span> <span class='ocrx_word' id='word_1_809' title='bbox 624 3738 684 3768; x_wconf 75' lang='lat' dir='ltr'>tam</span> <span class='ocrx_word' id='word_1_810' title='bbox 696 3737 732 3767; x_wconf 92' lang='lat' dir='ltr'>de</span> <span class='ocrx_word' id='word_1_811' title='bbox 750 3735 1016 3767; x_wconf 86' lang='lat' dir='ltr'>Commoditatibus</span> <span class='ocrx_word' id='word_1_812' title='bbox 1028 3736 1110 3774; x_wconf 88' lang='lat' dir='ltr'>hujus</span> <span class='ocrx_word' id='word_1_813' title='bbox 1124 3735 1220 3776; x_wconf 87' lang='lat' dir='ltr'>Regni</span> 
     </span>
     <span class='ocr_line' id='line_1_97' title="bbox 165 3772 1220 3814; baseline 0.003 -12"><span class='ocrx_word' id='word_1_814' title='bbox 165 3772 256 3804; x_wconf 88' lang='lat' dir='ltr'>nostri</span> <span class='ocrx_word' id='word_1_815' title='bbox 271 3773 462 3810; x_wconf 84' lang='lat' dir='ltr'>provenientia</span> <span class='ocrx_word' id='word_1_816' title='bbox 474 3774 507 3803; x_wconf 71' lang='grc' dir='ltr'>δε</span> <span class='ocrx_word' id='word_1_817' title='bbox 522 3775 684 3814; x_wconf 90' lang='lat' dir='ltr'>crescitura,</span> <span class='ocrx_word' id='word_1_818' title='bbox 704 3776 789 3814; x_wconf 64' lang='lat' dir='ltr'>quam</span> <span class='ocrx_word' id='word_1_819' title='bbox 810 3775 888 3805; x_wconf 83' lang='lat' dir='ltr'>aliter</span> <span class='ocrx_word' id='word_1_820' title='bbox 913 3774 1109 3813; x_wconf 87' lang='lat' dir='ltr'>(omnimodis</span> <span class='ocrx_word' id='word_1_821' title='bbox 1133 3775 1220 3806; x_wconf 87' lang='lat' dir='ltr'>Lanis</span> 
     </span>
     <span class='ocr_line' id='line_1_98' title="bbox 164 3810 1219 3854; baseline 0.003 -12"><span class='ocrx_word' id='word_1_822' title='bbox 164 3810 366 3854; x_wconf 75' lang='lat' dir='ltr'>tantummodo</span> <span class='ocrx_word' id='word_1_823' title='bbox 381 3811 504 3854; x_wconf 78' lang='lat' dir='ltr'>exceptis</span> <span class='ocrx_word' id='word_1_824' title='bbox 515 3813 549 3843; x_wconf 70' lang='grc' dir='ltr'>ὃς</span> <span class='ocrx_word' id='word_1_825' title='bbox 561 3816 685 3844; x_wconf 85' lang='lat' dir='ltr'>omnino</span> <span class='ocrx_word' id='word_1_826' title='bbox 697 3813 849 3851; x_wconf 87' lang='lat' dir='ltr'>reservatis)</span> <span class='ocrx_word' id='word_1_827' title='bbox 867 3823 963 3844; x_wconf 88' lang='lat' dir='ltr'>emere</span> <span class='ocrx_word' id='word_1_828' title='bbox 975 3814 1008 3845; x_wconf 88' lang='lat'>&amp;</span> <span class='ocrx_word' id='word_1_829' title='bbox 1022 3812 1219 3852; x_wconf 85' lang='lat' dir='ltr'>providere,ac</span> 
     </span>
     <span class='ocr_line' id='line_1_99' title="bbox 160 3849 538 3887; baseline -0.003 -7"><span class='ocrx_word' id='word_1_830' title='bbox 160 3858 222 3880; x_wconf 83' lang='lat' dir='ltr'>emi</span> <span class='ocrx_word' id='word_1_831' title='bbox 236 3850 269 3880; x_wconf 92' lang='lat'>&amp;</span> <span class='ocrx_word' id='word_1_832' title='bbox 281 3850 420 3887; x_wconf 90' lang='lat' dir='ltr'>provideri</span> <span class='ocrx_word' id='word_1_833' title='bbox 431 3849 538 3887; x_wconf 86' lang='lat' dir='ltr'>facere,</span> 
     </span>
    </p>

    <p class='ocr_par' dir='ltr' id='par_1_17' title="bbox 156 3885 1220 4045">
     <span class='ocr_line' id='line_1_100' title="bbox 189 3885 1219 3931; baseline 0.005 -15"><span class='ocrx_word' id='word_1_834' title='bbox 189 3885 235 3931; x_wconf 25' lang='lat' dir='ltr'>,Et</span> <span class='ocrx_word' id='word_1_835' title='bbox 252 3897 282 3917; x_wconf 92' lang='lat' dir='ltr'>ea</span> <span class='ocrx_word' id='word_1_836' title='bbox 295 3887 331 3917; x_wconf 89' lang='lat' dir='ltr'>sic</span> <span class='ocrx_word' id='word_1_837' title='bbox 347 3888 450 3925; x_wconf 87' lang='lat' dir='ltr'>Empta</span> <span class='ocrx_word' id='word_1_838' title='bbox 461 3887 495 3917; x_wconf 69' lang='grc' dir='ltr'>δε</span> <span class='ocrx_word' id='word_1_839' title='bbox 510 3887 626 3920; x_wconf 88' lang='lat' dir='ltr'>Provisa</span> <span class='ocrx_word' id='word_1_840' title='bbox 640 3891 667 3920; x_wconf 92' lang='lat' dir='ltr'>in</span> <span class='ocrx_word' id='word_1_841' title='bbox 683 3889 819 3922; x_wconf 87' lang='lat' dir='ltr'>Navibus</span> <span class='ocrx_word' id='word_1_842' title='bbox 831 3890 986 3929; x_wconf 71' lang='lat' dir='ltr'>praediffls,</span> <span class='ocrx_word' id='word_1_843' title='bbox 1001 3889 1058 3920; x_wconf 89' lang='lat' dir='ltr'>five</span> <span class='ocrx_word' id='word_1_844' title='bbox 1073 3889 1103 3919; x_wconf 91' lang='lat' dir='ltr'>iri</span> <span class='ocrx_word' id='word_1_845' title='bbox 1115 3899 1219 3921; x_wconf 88' lang='lat' dir='ltr'>eorum</span> 
     </span>
     <span class='ocr_line' id='line_1_101' title="bbox 159 3925 1220 3968; baseline 0.004 -13"><span class='ocrx_word' id='word_1_846' title='bbox 159 3925 267 3968; x_wconf 74' lang='lat' dir='ltr'>aliqua,</span> <span class='ocrx_word' id='word_1_847' title='bbox 282 3933 328 3955; x_wconf 84' lang='lat' dir='ltr'>aut</span> <span class='ocrx_word' id='word_1_848' title='bbox 341 3926 478 3965; x_wconf 85' lang='lat' dir='ltr'>aliquibus</span> <span class='ocrx_word' id='word_1_849' title='bbox 491 3934 602 3957; x_wconf 87' lang='lat' dir='ltr'>carcare</span> <span class='ocrx_word' id='word_1_850' title='bbox 619 3928 760 3965; x_wconf 87' lang='lat' dir='ltr'>eskippare</span> <span class='ocrx_word' id='word_1_851' title='bbox 773 3930 807 3960; x_wconf 89' lang='lat'>&amp;</span> <span class='ocrx_word' id='word_1_852' title='bbox 819 3938 946 3967; x_wconf 84' lang='lat' dir='ltr'>onerare,</span> <span class='ocrx_word' id='word_1_853' title='bbox 953 3930 998 3959; x_wconf 90' lang='lat' dir='ltr'>seu</span> <span class='ocrx_word' id='word_1_854' title='bbox 1013 3928 1117 3958; x_wconf 89' lang='lat' dir='ltr'>carcari</span> <span class='ocrx_word' id='word_1_855' title='bbox 1128 3928 1220 3967; x_wconf 85' lang='lat' dir='ltr'>eskip-</span> 
     </span>
     <span class='ocr_line' id='line_1_102' title="bbox 159 3963 1218 4007; baseline 0.003 -13"><span class='ocrx_word' id='word_1_856' title='bbox 159 3973 218 4002; x_wconf 85' lang='lat' dir='ltr'>pari</span> <span class='ocrx_word' id='word_1_857' title='bbox 233 3963 266 3994; x_wconf 76' lang='grc' dir='ltr'>δι</span> <span class='ocrx_word' id='word_1_858' title='bbox 279 3965 502 4007; x_wconf 30' lang='grc' dir='ltr'>οῃετειτίιῖαεετε,</span> <span class='ocrx_word' id='word_1_859' title='bbox 518 3964 552 3995; x_wconf 90' lang='lat'>&amp;</span> <span class='ocrx_word' id='word_1_860' title='bbox 563 3965 622 3994; x_wconf 70' lang='lat' dir='ltr'>tam</span> <span class='ocrx_word' id='word_1_861' title='bbox 637 3967 671 3996; x_wconf 89' lang='lat' dir='ltr'>ad</span> <span class='ocrx_word' id='word_1_862' title='bbox 688 3966 783 3997; x_wconf 85' lang='lat' dir='ltr'>Partes</span> <span class='ocrx_word' id='word_1_863' title='bbox 798 3966 925 3997; x_wconf 86' lang='lat' dir='ltr'>Ditionis</span> <span class='ocrx_word' id='word_1_864' title='bbox 941 3967 1068 3997; x_wconf 78' lang='lat' dir='ltr'>Franciae</span> <span class='ocrx_word' id='word_1_865' title='bbox 1102 3969 1167 3997; x_wconf 79' lang='lat' dir='ltr'>uam</span> <span class='ocrx_word' id='word_1_866' title='bbox 1181 3966 1218 3998; x_wconf 86' lang='lat' dir='ltr'>ad</span> 
     </span>
     <span class='ocr_line' id='line_1_103' title="bbox 156 4001 1219 4045; baseline 0.004 -12"><span class='ocrx_word' id='word_1_867' title='bbox 156 4001 352 4045; x_wconf 80' lang='lat' dir='ltr'>quascumque</span> <span class='ocrx_word' id='word_1_868' title='bbox 364 4002 426 4035; x_wconf 78' lang='lat' dir='ltr'>alias</span> <span class='ocrx_word' id='word_1_869' title='bbox 441 4001 533 4035; x_wconf 79' lang='lat' dir='ltr'>Partes</span> <span class='ocrx_word' id='word_1_870' title='bbox 551 4001 666 4035; x_wconf 81' lang='lat' dir='ltr'>Exteras</span> <span class='ocrx_word' id='word_1_871' title='bbox 680 4005 713 4036; x_wconf 74' lang='grc' dir='ltr'>δε</span> <span class='ocrx_word' id='word_1_872' title='bbox 736 4005 950 4038; x_wconf 78' lang='lat' dir='ltr'>Transmarinas</span> <span class='ocrx_word' id='word_1_873' title='bbox 974 4005 1062 4036; x_wconf 75' lang='lat' dir='ltr'>libere</span> <span class='ocrx_word' id='word_1_874' title='bbox 1141 4005 1219 4043; x_wconf 66' lang='lat' dir='ltr'>tute,</span> 
     </span>
    </p>
   </div>
   <div class='ocr_carea' id='block_1_8' title="bbox 581 78 1860 136">
    <p class='ocr_par' dir='ltr' id='par_1_18' title="bbox 581 78 1860 136">
     <span class='ocr_line' id='line_1_104' title="bbox 581 78 1860 136; baseline -0.001 0"><span class='ocrx_word' id='word_1_875' title='bbox 581 82 1403 136; x_wconf 76' lang='lat' dir='ltr'>CONVENTIONE8‚</span> <span class='ocrx_word' id='word_1_876' title='bbox 1458 78 1860 135; x_wconf 75' lang='lat' dir='ltr'>LiTERAE,</span> 
     </span>
    </p>
   </div>
   <div class='ocr_carea' id='block_1_9' title="bbox 1235 158 2468 289">
    <p class='ocr_par' dir='ltr' id='par_1_19' title="bbox 1235 158 2468 289">
     <span class='ocr_line' id='line_1_105' title="bbox 1235 158 2468 213; baseline -0.003 -14"><span class='ocrx_word' id='word_1_877' title='bbox 1235 168 1341 207; x_wconf 69' lang='lat' dir='ltr'>absque</span> <span class='ocrx_word' id='word_1_878' title='bbox 1356 166 1572 208; x_wconf 77' lang='lat' dir='ltr'>impedimento</span> <span class='ocrx_word' id='word_1_879' title='bbox 1586 169 1700 209; x_wconf 78' lang='lat' dir='ltr'>aliquo,</span> <span class='ocrx_word' id='word_1_880' title='bbox 1717 173 1776 204; x_wconf 63' lang='lat' dir='ltr'>una</span> <span class='ocrx_word' id='word_1_881' title='bbox 1790 173 1883 213; x_wconf 85' lang='lat' dir='ltr'>Vice,</span> <span class='ocrx_word' id='word_1_882' title='bbox 1900 173 1945 207; x_wconf 88' lang='lat' dir='ltr'>vel</span> <span class='ocrx_word' id='word_1_883' title='bbox 1960 172 2074 206; x_wconf 72' lang='lat' dir='ltr'>diversis</span> <span class='ocrx_word' id='word_1_884' title='bbox 2088 169 2313 212; x_wconf 40' lang='lat' dir='ltr'>Vicibus-trans-</span> <span class='ocrx_word' id='word_1_885' title='bbox 2329 160 2408 196; x_wconf 84' lang='lat' dir='ltr'>Arm.</span> <span class='ocrx_word' id='word_1_886' title='bbox 2423 158 2468 200; x_wconf 66' lang='grc' dir='ltr'>ἲ).</span> 
     </span>
     <span class='ocr_line' id='line_1_106' title="bbox 1238 206 2441 252; baseline -0.005 -13"><span class='ocrx_word' id='word_1_887' title='bbox 1238 209 1358 251; x_wconf 81' lang='lat' dir='ltr'>vehere,</span> <span class='ocrx_word' id='word_1_888' title='bbox 1380 206 1516 251; x_wconf 73' lang='lat' dir='ltr'>evehere,</span> <span class='ocrx_word' id='word_1_889' title='bbox 1533 209 1695 248; x_wconf 85' lang='lat' dir='ltr'>traducere,</span> <span class='ocrx_word' id='word_1_890' title='bbox 1713 213 1747 244; x_wconf 91' lang='lat'>&amp;</span> <span class='ocrx_word' id='word_1_891' title='bbox 1763 213 1881 251; x_wconf 69' lang='lat' dir='ltr'>cariam,</span> <span class='ocrx_word' id='word_1_892' title='bbox 1900 213 1947 244; x_wconf 85' lang='lat' dir='ltr'>seu</span> <span class='ocrx_word' id='word_1_893' title='bbox 1961 214 2121 251; x_wconf 69' lang='lat' dir='ltr'>transvehi,</span> <span class='ocrx_word' id='word_1_894' title='bbox 2140 208 2239 246; x_wconf 84' lang='lat' dir='ltr'>evehi,</span> <span class='ocrx_word' id='word_1_895' title='bbox 2260 213 2315 252; x_wconf 64' lang='lat' dir='ltr'>tra-</span> <span class='ocrx_word' id='word_1_896' title='bbox 2353 210 2409 243; x_wconf 78' lang='lat'>152</span> <span class='ocrx_word' id='word_1_897' title='bbox 2434 225 2441 232; x_wconf 89' lang='lat'><strong>.</strong></span> 
     </span>
     <span class='ocr_line' id='line_1_107' title="bbox 1241 246 2445 289; baseline -0.003 -6"><span class='ocrx_word' id='word_1_898' title='bbox 1241 247 1308 276; x_wconf 73' lang='lat' dir='ltr'>dUC¹</span> <span class='ocrx_word' id='word_1_899' title='bbox 1318 269 1327 283; x_wconf 66' lang='lat' dir='ltr'>s</span> <span class='ocrx_word' id='word_1_900' title='bbox 1346 246 1379 276; x_wconf 87' lang='lat'>&amp;</span> <span class='ocrx_word' id='word_1_901' title='bbox 1397 248 1493 277; x_wconf 58' lang='lat' dir='ltr'>camari</span> <span class='ocrx_word' id='word_1_902' title='bbox 1509 247 1603 279; x_wconf 75' lang='lat' dir='ltr'>facere</span> <span class='ocrx_word' id='word_1_903' title='bbox 1616 248 1736 289; x_wconf 83' lang='lat' dir='ltr'>poffint,</span> <span class='ocrx_word' id='word_1_904' title='bbox 1745 259 1847 289; x_wconf 88' lang='lat' dir='ltr'>queant</span> <span class='ocrx_word' id='word_1_905' title='bbox 1862 252 1895 282; x_wconf 89' lang='lat'>&amp;</span> <span class='ocrx_word' id='word_1_906' title='bbox 1911 252 2021 284; x_wconf 85' lang='lat' dir='ltr'>valeant</span> <span class='ocrx_word' id='word_1_907' title='bbox 2036 252 2115 284; x_wconf 75' lang='lat' dir='ltr'>licite</span> <span class='ocrx_word' id='word_1_908' title='bbox 2127 250 2161 280; x_wconf 89' lang='lat'>&amp;</span> <span class='ocrx_word' id='word_1_909' title='bbox 2177 249 2317 284; x_wconf 72' lang='lat' dir='ltr'>impune,</span> <span class='ocrx_word' id='word_1_910' title='bbox 2331 247 2396 271; x_wconf 57' lang='grc' dir='ltr'>ΗΜ·</span> <span class='ocrx_word' id='word_1_911' title='bbox 2437 264 2445 279; x_wconf 60' lang='lat'>2</span> 
     </span>
    </p>
   </div>
   <div class='ocr_carea' id='block_1_10' title="bbox 1240 283 2324 1219">
    <p class='ocr_par' dir='ltr' id='par_1_20' title="bbox 1240 283 2322 598">
     <span class='ocr_line' id='line_1_108' title="bbox 1240 283 2321 329; baseline 0 -15"><span class='ocrx_word' id='word_1_912' title='bbox 1240 283 1344 327; x_wconf 79' lang='lat' dir='ltr'>absque</span> <span class='ocrx_word' id='word_1_913' title='bbox 1361 283 1582 324; x_wconf 88' lang='lat' dir='ltr'>Molestatione,</span> <span class='ocrx_word' id='word_1_914' title='bbox 1600 285 1831 327; x_wconf 84' lang='lat' dir='ltr'>Impedimento,</span> <span class='ocrx_word' id='word_1_915' title='bbox 1858 289 2113 329; x_wconf 71' lang='lat' dir='ltr'>Contraditstionc,</span> <span class='ocrx_word' id='word_1_916' title='bbox 2138 287 2185 318; x_wconf 92' lang='lat' dir='ltr'>seu</span> <span class='ocrx_word' id='word_1_917' title='bbox 2206 285 2321 317; x_wconf 80' lang='lat' dir='ltr'>Grava-</span> 
     </span>
     <span class='ocr_line' id='line_1_109' title="bbox 1243 323 2321 367; baseline 0.006 -14"><span class='ocrx_word' id='word_1_918' title='bbox 1243 332 1326 353; x_wconf 87' lang='lat' dir='ltr'>mine</span> <span class='ocrx_word' id='word_1_919' title='bbox 1340 331 1526 367; x_wconf 80' lang='lat' dir='ltr'>quocumque</span> <span class='ocrx_word' id='word_1_920' title='bbox 1540 324 1629 355; x_wconf 87' lang='lat' dir='ltr'>nostri</span> <span class='ocrx_word' id='word_1_921' title='bbox 1653 327 1697 356; x_wconf 91' lang='lat' dir='ltr'>vel</span> <span class='ocrx_word' id='word_1_922' title='bbox 1722 327 1884 358; x_wconf 84' lang='lat' dir='ltr'>Haeredum</span> <span class='ocrx_word' id='word_1_923' title='bbox 1907 337 1954 359; x_wconf 90' lang='lat' dir='ltr'>aut</span> <span class='ocrx_word' id='word_1_924' title='bbox 1978 329 2184 361; x_wconf 84' lang='lat' dir='ltr'>Succefforurn</span> <span class='ocrx_word' id='word_1_925' title='bbox 2205 323 2321 357; x_wconf 87' lang='lat' dir='ltr'>nostro·</span> 
     </span>
     <span class='ocr_line' id='line_1_110' title="bbox 1243 362 2321 407; baseline 0.002 -17"><span class='ocrx_word' id='word_1_926' title='bbox 1243 370 1328 399; x_wconf 89' lang='lat' dir='ltr'>rum,</span> <span class='ocrx_word' id='word_1_927' title='bbox 1343 371 1390 392; x_wconf 91' lang='lat' dir='ltr'>aut</span> <span class='ocrx_word' id='word_1_928' title='bbox 1406 362 1567 406; x_wconf 76' lang='lat' dir='ltr'>aliquorum</span> <span class='ocrx_word' id='word_1_929' title='bbox 1581 362 1852 407; x_wconf 73' lang='lat' dir='ltr'>Cus’cumariorum,</span> <span class='ocrx_word' id='word_1_930' title='bbox 1870 365 2154 404; x_wconf 85' lang='lat' dir='ltr'>Contratulatorum,</span> <span class='ocrx_word' id='word_1_931' title='bbox 2172 364 2321 395; x_wconf 78' lang='lat' dir='ltr'>Scrutato-</span> 
     </span>
     <span class='ocr_line' id='line_1_111' title="bbox 1244 400 2322 440; baseline 0.009 -12"><span class='ocrx_word' id='word_1_932' title='bbox 1244 408 1328 437; x_wconf 89' lang='lat' dir='ltr'>rum,</span> <span class='ocrx_word' id='word_1_933' title='bbox 1346 400 1404 430; x_wconf 86' lang='lat' dir='ltr'>sive</span> <span class='ocrx_word' id='word_1_934' title='bbox 1418 401 1540 432; x_wconf 89' lang='lat' dir='ltr'>aliorum</span> <span class='ocrx_word' id='word_1_935' title='bbox 1549 401 1770 435; x_wconf 87' lang='lat' dir='ltr'>Officiariorum</span> <span class='ocrx_word' id='word_1_936' title='bbox 1778 405 1825 435; x_wconf 93' lang='lat' dir='ltr'>vel</span> <span class='ocrx_word' id='word_1_937' title='bbox 1843 403 2047 436; x_wconf 88' lang='lat' dir='ltr'>Ministrorurn</span> <span class='ocrx_word' id='word_1_938' title='bbox 2061 406 2229 437; x_wconf 82' lang='lat' dir='ltr'>nostrorum</span> <span class='ocrx_word' id='word_1_939' title='bbox 2247 411 2322 440; x_wconf 85' lang='lat' dir='ltr'>quo—</span> 
     </span>
     <span class='ocr_line' id='line_1_112' title="bbox 1244 441 2321 482; baseline 0.005 -16"><span class='ocrx_word' id='word_1_940' title='bbox 1244 447 1440 481; x_wconf 83' lang='lat' dir='ltr'>rumcumque</span> <span class='ocrx_word' id='word_1_941' title='bbox 1453 462 1463 478; x_wconf 95' lang='lat'>,</span> <span class='ocrx_word' id='word_1_942' title='bbox 1488 441 1583 478; x_wconf 85' lang='lat' dir='ltr'>aliquo</span> <span class='ocrx_word' id='word_1_943' title='bbox 1607 441 1718 473; x_wconf 88' lang='lat' dir='ltr'>Statuto</span> <span class='ocrx_word' id='word_1_944' title='bbox 1733 465 1744 481; x_wconf 94' lang='lat'>,</span> <span class='ocrx_word' id='word_1_945' title='bbox 1770 442 1849 474; x_wconf 74' lang='lat' dir='ltr'>Actu</span> <span class='ocrx_word' id='word_1_946' title='bbox 1859 467 1870 480; x_wconf 89' lang='lat'>‚</span> <span class='ocrx_word' id='word_1_947' title='bbox 1894 443 2105 482; x_wconf 88' lang='lat' dir='ltr'>Ordinatione,</span> <span class='ocrx_word' id='word_1_948' title='bbox 2136 442 2321 478; x_wconf 81' lang='lat' dir='ltr'>Provisione,</span> 
     </span>
     <span class='ocr_line' id='line_1_113' title="bbox 1246 475 2320 522; baseline 0.005 -16"><span class='ocrx_word' id='word_1_949' title='bbox 1246 475 1441 521; x_wconf 64' lang='lat' dir='ltr'>Restriehone</span> <span class='ocrx_word' id='word_1_950' title='bbox 1451 500 1461 516; x_wconf 92' lang='lat'>,</span> <span class='ocrx_word' id='word_1_951' title='bbox 1477 479 1699 522; x_wconf 35' lang='lat' dir='ltr'>vel-Mandato,</span> <span class='ocrx_word' id='word_1_952' title='bbox 1718 482 1749 511; x_wconf 91' lang='lat' dir='ltr'>in</span> <span class='ocrx_word' id='word_1_953' title='bbox 1765 482 1940 512; x_wconf 89' lang='lat' dir='ltr'>contrarium</span> <span class='ocrx_word' id='word_1_954' title='bbox 1957 483 2022 512; x_wconf 91' lang='lat' dir='ltr'>inde</span> <span class='ocrx_word' id='word_1_955' title='bbox 2036 483 2135 521; x_wconf 58' lang='lat' dir='ltr'>faran,</span> <span class='ocrx_word' id='word_1_956' title='bbox 2160 481 2257 518; x_wconf 90' lang='lat' dir='ltr'>editis,</span> <span class='ocrx_word' id='word_1_957' title='bbox 2271 489 2320 509; x_wconf 81' lang='lat' dir='ltr'>or-</span> 
     </span>
     <span class='ocr_line' id='line_1_114' title="bbox 1246 514 2321 561; baseline 0.008 -18"><span class='ocrx_word' id='word_1_958' title='bbox 1246 514 1363 557; x_wconf 81' lang='lat' dir='ltr'>dinatis,</span> <span class='ocrx_word' id='word_1_959' title='bbox 1380 518 1437 546; x_wconf 79' lang='lat' dir='ltr'>sive</span> <span class='ocrx_word' id='word_1_960' title='bbox 1452 517 1586 561; x_wconf 83' lang='lat' dir='ltr'>prov1fis,</span> <span class='ocrx_word' id='word_1_961' title='bbox 1602 519 1648 549; x_wconf 90' lang='lat' dir='ltr'>vel</span> <span class='ocrx_word' id='word_1_962' title='bbox 1665 518 1858 557; x_wconf 77' lang='lat' dir='ltr'>imposterum</span> <span class='ocrx_word' id='word_1_963' title='bbox 1875 519 1976 551; x_wconf 86' lang='lat' dir='ltr'>fiendis</span> <span class='ocrx_word' id='word_1_964' title='bbox 1989 544 1999 559; x_wconf 92' lang='lat'>,</span> <span class='ocrx_word' id='word_1_965' title='bbox 2018 520 2132 552; x_wconf 87' lang='lat' dir='ltr'>edendis</span> <span class='ocrx_word' id='word_1_966' title='bbox 2145 543 2156 560; x_wconf 92' lang='lat'>,</span> <span class='ocrx_word' id='word_1_967' title='bbox 2184 520 2321 552; x_wconf 81' lang='lat' dir='ltr'>ordinan-</span> 
     </span>
     <span class='ocr_line' id='line_1_115' title="bbox 1246 554 1891 598; baseline 0.008 -15"><span class='ocrx_word' id='word_1_968' title='bbox 1246 554 1310 597; x_wconf 89' lang='lat' dir='ltr'>dis,</span> <span class='ocrx_word' id='word_1_969' title='bbox 1328 554 1385 598; x_wconf 73' lang='lat' dir='ltr'>sive</span> <span class='ocrx_word' id='word_1_970' title='bbox 1400 555 1599 594; x_wconf 88' lang='lat' dir='ltr'>providendis,</span> <span class='ocrx_word' id='word_1_971' title='bbox 1618 566 1678 587; x_wconf 89' lang='lat' dir='ltr'>non</span> <span class='ocrx_word' id='word_1_972' title='bbox 1692 558 1891 590; x_wconf 86' lang='lat' dir='ltr'>obstantibus:</span> 
     </span>
    </p>

    <p class='ocr_par' dir='ltr' id='par_1_21' title="bbox 1245 591 2324 1219">
     <span class='ocr_line' id='line_1_116' title="bbox 1284 591 2321 637; baseline 0.009 -16"><span class='ocrx_word' id='word_1_973' title='bbox 1284 591 1322 622; x_wconf 70' lang='lat' dir='ltr'>ht</span> <span class='ocrx_word' id='word_1_974' title='bbox 1338 593 1450 632; x_wconf 84' lang='lat' dir='ltr'>insuper</span> <span class='ocrx_word' id='word_1_975' title='bbox 1459 617 1468 632; x_wconf 92' lang='lat'>,</span> <span class='ocrx_word' id='word_1_976' title='bbox 1487 595 1523 624; x_wconf 87' lang='lat' dir='ltr'>de</span> <span class='ocrx_word' id='word_1_977' title='bbox 1536 596 1660 626; x_wconf 88' lang='lat' dir='ltr'>uberiori</span> <span class='ocrx_word' id='word_1_978' title='bbox 1677 595 1778 628; x_wconf 72' lang='lat' dir='ltr'>Gratia</span> <span class='ocrx_word' id='word_1_979' title='bbox 1791 597 1906 637; x_wconf 73' lang='lat' dir='ltr'>nostra,</span> <span class='ocrx_word' id='word_1_980' title='bbox 1921 597 2095 636; x_wconf 88' lang='lat' dir='ltr'>suscepimus</span> <span class='ocrx_word' id='word_1_981' title='bbox 2108 598 2138 628; x_wconf 91' lang='lat' dir='ltr'>in</span> <span class='ocrx_word' id='word_1_982' title='bbox 2160 597 2269 629; x_wconf 91' lang='lat' dir='ltr'>salvum</span> <span class='ocrx_word' id='word_1_983' title='bbox 2285 599 2321 631; x_wconf 88' lang='lat'>&amp;</span> 
     </span>
     <span class='ocr_line' id='line_1_117' title="bbox 1245 629 2318 677; baseline 0.007 -17"><span class='ocrx_word' id='word_1_984' title='bbox 1245 629 1375 675; x_wconf 80' lang='lat' dir='ltr'>securum</span> <span class='ocrx_word' id='word_1_985' title='bbox 1389 632 1581 677; x_wconf 63' lang='lat' dir='ltr'>Condudfflm</span> <span class='ocrx_word' id='word_1_986' title='bbox 1597 633 1745 674; x_wconf 86' lang='lat' dir='ltr'>nostrum,</span> <span class='ocrx_word' id='word_1_987' title='bbox 1763 645 1798 666; x_wconf 90' lang='lat' dir='ltr'>ac</span> <span class='ocrx_word' id='word_1_988' title='bbox 1813 636 1842 666; x_wconf 91' lang='lat' dir='ltr'>in</span> <span class='ocrx_word' id='word_1_989' title='bbox 1857 634 2075 668; x_wconf 68' lang='lat' dir='ltr'>Proteeiiouem</span> <span class='ocrx_word' id='word_1_990' title='bbox 2090 659 2101 675; x_wconf 90' lang='lat'>,</span> <span class='ocrx_word' id='word_1_991' title='bbox 2123 635 2296 668; x_wconf 88' lang='lat' dir='ltr'>Tuitionem</span> <span class='ocrx_word' id='word_1_992' title='bbox 2307 663 2318 677; x_wconf 88' lang='lat'>,</span> 
     </span>
     <span class='ocr_line' id='line_1_118' title="bbox 1246 669 2318 714; baseline 0.009 -16"><span class='ocrx_word' id='word_1_993' title='bbox 1246 669 1358 700; x_wconf 71' lang='lat' dir='ltr'>balvam</span> <span class='ocrx_word' id='word_1_994' title='bbox 1374 670 1532 710; x_wconf 82' lang='lat' dir='ltr'>Gardiam,</span> <span class='ocrx_word' id='word_1_995' title='bbox 1549 674 1582 704; x_wconf 66' lang='grc' dir='ltr'>ὃς</span> <span class='ocrx_word' id='word_1_996' title='bbox 1599 672 1789 705; x_wconf 86' lang='lat' dir='ltr'>Defenfiones</span> <span class='ocrx_word' id='word_1_997' title='bbox 1803 674 1909 705; x_wconf 88' lang='lat' dir='ltr'>nostras</span> <span class='ocrx_word' id='word_1_998' title='bbox 1923 674 2069 714; x_wconf 82' lang='lat' dir='ltr'>speciales,</span> <span class='ocrx_word' id='word_1_999' title='bbox 2086 684 2189 706; x_wconf 87' lang='lat' dir='ltr'>omnes</span> <span class='ocrx_word' id='word_1_1000' title='bbox 2208 677 2243 707; x_wconf 68' lang='grc' dir='ltr'>ὃς</span> <span class='ocrx_word' id='word_1_1001' title='bbox 2262 677 2318 707; x_wconf 88' lang='lat' dir='ltr'>sin-</span> 
     </span>
     <span class='ocr_line' id='line_1_119' title="bbox 1245 709 2319 755; baseline 0.009 -19"><span class='ocrx_word' id='word_1_1002' title='bbox 1245 709 1329 751; x_wconf 25' lang='lat' dir='ltr'>gulas‘</span> <span class='ocrx_word' id='word_1_1003' title='bbox 1340 710 1491 755; x_wconf 66' lang='lat' dir='ltr'>praedi&amp;as</span> <span class='ocrx_word' id='word_1_1004' title='bbox 1504 710 1622 750; x_wconf 77' lang='lat' dir='ltr'>Naves,</span> <span class='ocrx_word' id='word_1_1005' title='bbox 1640 714 1674 744; x_wconf 89' lang='lat'>&amp;</span> <span class='ocrx_word' id='word_1_1006' title='bbox 1689 722 1788 744; x_wconf 86' lang='lat' dir='ltr'>earum</span> <span class='ocrx_word' id='word_1_1007' title='bbox 1802 712 1977 753; x_wconf 84' lang='lat' dir='ltr'>quamlibet,</span> <span class='ocrx_word' id='word_1_1008' title='bbox 1994 724 2066 746; x_wconf 91' lang='lat' dir='ltr'>cum</span> <span class='ocrx_word' id='word_1_1009' title='bbox 2078 714 2232 753; x_wconf 86' lang='lat' dir='ltr'>omnibus,</span> <span class='ocrx_word' id='word_1_1010' title='bbox 2255 716 2319 755; x_wconf 87' lang='lat' dir='ltr'>Ap-</span> 
     </span>
     <span class='ocr_line' id='line_1_120' title="bbox 1246 747 2321 791; baseline 0.01 -16"><span class='ocrx_word' id='word_1_1011' title='bbox 1246 747 1401 790; x_wconf 75' lang='lat' dir='ltr'>paratibus‚</span> <span class='ocrx_word' id='word_1_1012' title='bbox 1419 748 1583 789; x_wconf 84' lang='lat' dir='ltr'>Artillariis,</span> <span class='ocrx_word' id='word_1_1013' title='bbox 1599 753 1634 782; x_wconf 90' lang='lat'>&amp;</span> <span class='ocrx_word' id='word_1_1014' title='bbox 1652 751 1865 783; x_wconf 84' lang='lat' dir='ltr'>Abbillimentis</span> <span class='ocrx_word' id='word_1_1015' title='bbox 1878 751 1999 783; x_wconf 87' lang='lat' dir='ltr'>Guerrae</span> <span class='ocrx_word' id='word_1_1016' title='bbox 2013 754 2047 785; x_wconf 90' lang='lat'>&amp;</span> <span class='ocrx_word' id='word_1_1017' title='bbox 2060 753 2138 785; x_wconf 84' lang='lat' dir='ltr'>aliter</span> <span class='ocrx_word' id='word_1_1018' title='bbox 2152 762 2207 791; x_wconf 92' lang='lat' dir='ltr'>pro</span> <span class='ocrx_word' id='word_1_1019' title='bbox 2222 754 2321 786; x_wconf 85' lang='lat' dir='ltr'>Salva-</span> 
     </span>
     <span class='ocr_line' id='line_1_121' title="bbox 1246 786 2321 831; baseline 0.01 -17"><span class='ocrx_word' id='word_1_1020' title='bbox 1246 794 1326 816; x_wconf 87' lang='lat' dir='ltr'>tione</span> <span class='ocrx_word' id='word_1_1021' title='bbox 1342 787 1376 829; x_wconf 69' lang='grc' dir='ltr'>βε</span> <span class='ocrx_word' id='word_1_1022' title='bbox 1390 786 1568 820; x_wconf 88' lang='lat' dir='ltr'>Defensione</span> <span class='ocrx_word' id='word_1_1023' title='bbox 1581 790 1751 820; x_wconf 82' lang='lat' dir='ltr'>earumdem</span> <span class='ocrx_word' id='word_1_1024' title='bbox 1760 790 1893 822; x_wconf 90' lang='lat' dir='ltr'>Navium</span> <span class='ocrx_word' id='word_1_1025' title='bbox 1913 793 1947 822; x_wconf 69' lang='grc' dir='ltr'>ἃ</span> <span class='ocrx_word' id='word_1_1026' title='bbox 1962 799 2061 822; x_wconf 87' lang='lat' dir='ltr'>earum</span> <span class='ocrx_word' id='word_1_1027' title='bbox 2072 789 2235 831; x_wconf 78' lang='lat' dir='ltr'>etijussibet,</span> <span class='ocrx_word' id='word_1_1028' title='bbox 2251 803 2321 825; x_wconf 88' lang='lat' dir='ltr'>nec-</span> 
     </span>
     <span class='ocr_line' id='line_1_122' title="bbox 1247 824 2320 871; baseline 0.009 -17"><span class='ocrx_word' id='word_1_1029' title='bbox 1247 833 1308 854; x_wconf 89' lang='lat' dir='ltr'>non</span> <span class='ocrx_word' id='word_1_1030' title='bbox 1322 824 1398 856; x_wconf 66' lang='lat' dir='ltr'>dista</span> <span class='ocrx_word' id='word_1_1031' title='bbox 1414 826 1506 866; x_wconf 87' lang='lat' dir='ltr'>Vina,</span> <span class='ocrx_word' id='word_1_1032' title='bbox 1522 826 1652 871; x_wconf 38' lang='lat' dir='ltr'>G&#39;ualda,</span> <span class='ocrx_word' id='word_1_1033' title='bbox 1671 828 1806 867; x_wconf 87' lang='lat' dir='ltr'>Pastella,</span> <span class='ocrx_word' id='word_1_1034' title='bbox 1824 829 1870 860; x_wconf 86' lang='lat' dir='ltr'>Sal</span> <span class='ocrx_word' id='word_1_1035' title='bbox 1884 853 1895 868; x_wconf 92' lang='lat'>,</span> <span class='ocrx_word' id='word_1_1036' title='bbox 1921 828 2031 862; x_wconf 90' lang='lat' dir='ltr'>Biretos</span> <span class='ocrx_word' id='word_1_1037' title='bbox 2042 853 2052 869; x_wconf 94' lang='lat'>,</span> <span class='ocrx_word' id='word_1_1038' title='bbox 2079 829 2136 861; x_wconf 88' lang='lat' dir='ltr'>five</span> <span class='ocrx_word' id='word_1_1039' title='bbox 2154 828 2269 871; x_wconf 91' lang='lat' dir='ltr'>Pillios,</span> <span class='ocrx_word' id='word_1_1040' title='bbox 2284 832 2320 864; x_wconf 73' lang='grc' dir='ltr'>δε</span> 
     </span>
     <span class='ocr_line' id='line_1_123' title="bbox 1248 861 2322 908; baseline 0.008 -15"><span class='ocrx_word' id='word_1_1041' title='bbox 1248 861 1457 908; x_wconf 72' lang='lat' dir='ltr'>Canavasium,</span> <span class='ocrx_word' id='word_1_1042' title='bbox 1476 867 1509 896; x_wconf 87' lang='lat'>&amp;</span> <span class='ocrx_word' id='word_1_1043' title='bbox 1524 867 1576 897; x_wconf 88' lang='lat' dir='ltr'>alia</span> <span class='ocrx_word' id='word_1_1044' title='bbox 1593 867 1688 905; x_wconf 90' lang='lat' dir='ltr'>Bona,</span> <span class='ocrx_word' id='word_1_1045' title='bbox 1706 867 1783 906; x_wconf 86' lang='lat' dir='ltr'>Res,</span> <span class='ocrx_word' id='word_1_1046' title='bbox 1802 868 1933 907; x_wconf 85' lang='lat' dir='ltr'>Merces,</span> <span class='ocrx_word' id='word_1_1047' title='bbox 1949 868 2164 908; x_wconf 84' lang='lat' dir='ltr'>Mercandisas,</span> <span class='ocrx_word' id='word_1_1048' title='bbox 2180 870 2213 901; x_wconf 75' lang='grc' dir='ltr'>δε</span> <span class='ocrx_word' id='word_1_1049' title='bbox 2236 871 2322 902; x_wconf 92' lang='lat' dir='ltr'>Mer-</span> 
     </span>
     <span class='ocr_line' id='line_1_124' title="bbox 1247 904 2321 947; baseline 0.01 -16"><span class='ocrx_word' id='word_1_1050' title='bbox 1247 911 1373 933; x_wconf 87' lang='lat' dir='ltr'>cimonia</span> <span class='ocrx_word' id='word_1_1051' title='bbox 1384 904 1537 947; x_wconf 63' lang='lat' dir='ltr'>praedict-a,</span> <span class='ocrx_word' id='word_1_1052' title='bbox 1555 914 1588 936; x_wconf 93' lang='lat' dir='ltr'>ac</span> <span class='ocrx_word' id='word_1_1053' title='bbox 1605 905 1684 937; x_wconf 88' lang='lat' dir='ltr'>Bona</span> <span class='ocrx_word' id='word_1_1054' title='bbox 1704 916 1897 946; x_wconf 88' lang='lat' dir='ltr'>quaecumque</span> <span class='ocrx_word' id='word_1_1055' title='bbox 1910 907 1941 937; x_wconf 90' lang='lat' dir='ltr'>iri</span> <span class='ocrx_word' id='word_1_1056' title='bbox 1955 907 2059 939; x_wconf 91' lang='lat' dir='ltr'>eisdem</span> <span class='ocrx_word' id='word_1_1057' title='bbox 2073 908 2211 942; x_wconf 89' lang='lat' dir='ltr'>Navibus</span> <span class='ocrx_word' id='word_1_1058' title='bbox 2223 909 2321 942; x_wconf 85' lang='lat' dir='ltr'>sivein</span> 
     </span>
     <span class='ocr_line' id='line_1_125' title="bbox 1247 941 2322 989; baseline 0.01 -20"><span class='ocrx_word' id='word_1_1059' title='bbox 1247 950 1344 986; x_wconf 73' lang='lat' dir='ltr'>earum</span> <span class='ocrx_word' id='word_1_1060' title='bbox 1358 941 1449 981; x_wconf 90' lang='lat' dir='ltr'>aliqua</span> <span class='ocrx_word' id='word_1_1061' title='bbox 1465 944 1509 973; x_wconf 91' lang='lat' dir='ltr'>vel</span> <span class='ocrx_word' id='word_1_1062' title='bbox 1531 944 1669 983; x_wconf 84' lang='lat' dir='ltr'>aliquibus</span> <span class='ocrx_word' id='word_1_1063' title='bbox 1684 967 1695 982; x_wconf 90' lang='lat'>,</span> <span class='ocrx_word' id='word_1_1064' title='bbox 1721 944 1787 982; x_wconf 86' lang='lat' dir='ltr'>post</span> <span class='ocrx_word' id='word_1_1065' title='bbox 1808 946 1842 976; x_wconf 68' lang='grc' dir='ltr'>ὅ(</span> <span class='ocrx_word' id='word_1_1066' title='bbox 1865 952 1931 977; x_wconf 87' lang='lat' dir='ltr'>ante</span> <span class='ocrx_word' id='word_1_1067' title='bbox 1953 945 2122 978; x_wconf 86' lang='lat' dir='ltr'>eorumdem</span> <span class='ocrx_word' id='word_1_1068' title='bbox 2154 946 2322 989; x_wconf 73' lang='lat' dir='ltr'>Vitiorum,</span> 
     </span>
     <span class='ocr_line' id='line_1_126' title="bbox 1246 978 2323 1024; baseline 0.009 -15"><span class='ocrx_word' id='word_1_1069' title='bbox 1246 978 1448 1019; x_wconf 68' lang='lat' dir='ltr'>(sualdorum,</span> <span class='ocrx_word' id='word_1_1070' title='bbox 1465 981 1664 1022; x_wconf 86' lang='lat' dir='ltr'>Pastellorum,</span> <span class='ocrx_word' id='word_1_1071' title='bbox 1680 983 1765 1022; x_wconf 82' lang='lat' dir='ltr'>Salis,</span> <span class='ocrx_word' id='word_1_1072' title='bbox 1782 983 1975 1024; x_wconf 83' lang='lat' dir='ltr'>Birettorurn,</span> <span class='ocrx_word' id='word_1_1073' title='bbox 1992 984 2027 1015; x_wconf 89' lang='lat'>&amp;</span> <span class='ocrx_word' id='word_1_1074' title='bbox 2040 984 2202 1024; x_wconf 72' lang='lat' dir='ltr'>Canavafii,</span> <span class='ocrx_word' id='word_1_1075' title='bbox 2219 996 2254 1019; x_wconf 78' lang='lat' dir='ltr'>ac</span> <span class='ocrx_word' id='word_1_1076' title='bbox 2263 987 2323 1019; x_wconf 84' lang='lat' dir='ltr'>Bo-</span> 
     </span>
     <span class='ocr_line' id='line_1_127' title="bbox 1248 1020 2320 1065; baseline 0.007 -16"><span class='ocrx_word' id='word_1_1077' title='bbox 1248 1028 1368 1059; x_wconf 88' lang='lat' dir='ltr'>norum,</span> <span class='ocrx_word' id='word_1_1078' title='bbox 1382 1020 1628 1065; x_wconf 67' lang='lat' dir='ltr'>Mercandisarum</span> <span class='ocrx_word' id='word_1_1079' title='bbox 1641 1023 1674 1053; x_wconf 74' lang='grc' dir='ltr'>δε</span> <span class='ocrx_word' id='word_1_1080' title='bbox 1689 1021 1959 1054; x_wconf 86' lang='lat' dir='ltr'>Mercimoniorum</span> <span class='ocrx_word' id='word_1_1081' title='bbox 1972 1024 2180 1060; x_wconf 70' lang='lat' dir='ltr'>praedi&amp;0rum</span> <span class='ocrx_word' id='word_1_1082' title='bbox 2190 1025 2226 1056; x_wconf 87' lang='lat' dir='ltr'>ad</span> <span class='ocrx_word' id='word_1_1083' title='bbox 2243 1027 2320 1058; x_wconf 87' lang='lat' dir='ltr'>Ter-</span> 
     </span>
     <span class='ocr_line' id='line_1_128' title="bbox 1248 1058 2320 1103; baseline 0.009 -16"><span class='ocrx_word' id='word_1_1084' title='bbox 1248 1067 1309 1087; x_wconf 87' lang='lat' dir='ltr'>ram</span> <span class='ocrx_word' id='word_1_1085' title='bbox 1328 1058 1486 1090; x_wconf 86' lang='lat' dir='ltr'>Politiones</span> <span class='ocrx_word' id='word_1_1086' title='bbox 1498 1061 1544 1092; x_wconf 90' lang='lat' dir='ltr'>vel</span> <span class='ocrx_word' id='word_1_1087' title='bbox 1556 1069 1633 1093; x_wconf 86' lang='lat' dir='ltr'>extra</span> <span class='ocrx_word' id='word_1_1088' title='bbox 1645 1060 1747 1093; x_wconf 88' lang='lat' dir='ltr'>Naves</span> <span class='ocrx_word' id='word_1_1089' title='bbox 1760 1060 1805 1093; x_wconf 89' lang='lat' dir='ltr'>seu</span> <span class='ocrx_word' id='word_1_1090' title='bbox 1820 1061 1939 1092; x_wconf 89' lang='lat' dir='ltr'>Navem</span> <span class='ocrx_word' id='word_1_1091' title='bbox 1950 1061 2190 1102; x_wconf 90' lang='lat' dir='ltr'>Discarcationes,</span> <span class='ocrx_word' id='word_1_1092' title='bbox 2206 1065 2237 1095; x_wconf 89' lang='lat' dir='ltr'>in</span> <span class='ocrx_word' id='word_1_1093' title='bbox 2251 1075 2320 1103; x_wconf 86' lang='lat' dir='ltr'>qua-</span> 
     </span>
     <span class='ocr_line' id='line_1_129' title="bbox 1247 1098 2323 1142; baseline 0.007 -16"><span class='ocrx_word' id='word_1_1094' title='bbox 1247 1105 1375 1136; x_wconf 90' lang='lat' dir='ltr'>cumque</span> <span class='ocrx_word' id='word_1_1095' title='bbox 1389 1098 1473 1130; x_wconf 90' lang='lat' dir='ltr'>Parte</span> <span class='ocrx_word' id='word_1_1096' title='bbox 1487 1100 1569 1138; x_wconf 81' lang='lat' dir='ltr'>huius</span> <span class='ocrx_word' id='word_1_1097' title='bbox 1585 1099 1683 1139; x_wconf 84' lang='lat' dir='ltr'>Regni</span> <span class='ocrx_word' id='word_1_1098' title='bbox 1698 1099 1789 1131; x_wconf 91' lang='lat' dir='ltr'>nostri</span> <span class='ocrx_word' id='word_1_1099' title='bbox 1802 1099 1916 1140; x_wconf 83' lang='lat' dir='ltr'>Angliae</span> <span class='ocrx_word' id='word_1_1100' title='bbox 1929 1101 1963 1132; x_wconf 68' lang='grc' dir='ltr'>ὅτ.</span> <span class='ocrx_word' id='word_1_1101' title='bbox 1976 1101 2062 1140; x_wconf 89' lang='lat' dir='ltr'>alibi,</span> <span class='ocrx_word' id='word_1_1102' title='bbox 2088 1102 2147 1133; x_wconf 75' lang='lat' dir='ltr'>tam</span> <span class='ocrx_word' id='word_1_1103' title='bbox 2170 1111 2220 1142; x_wconf 88' lang='lat' dir='ltr'>per</span> <span class='ocrx_word' id='word_1_1104' title='bbox 2245 1103 2323 1134; x_wconf 80' lang='lat' dir='ltr'>Ter—</span> 
     </span>
     <span class='ocr_line' id='line_1_130' title="bbox 1248 1137 2324 1181; baseline 0.007 -14"><span class='ocrx_word' id='word_1_1105' title='bbox 1248 1138 1412 1179; x_wconf 33' lang='lat' dir='ltr'>ram—quam</span> <span class='ocrx_word' id='word_1_1106' title='bbox 1425 1147 1476 1176; x_wconf 89' lang='lat' dir='ltr'>per</span> <span class='ocrx_word' id='word_1_1107' title='bbox 1489 1138 1575 1170; x_wconf 87' lang='lat' dir='ltr'>Mare</span> <span class='ocrx_word' id='word_1_1108' title='bbox 1592 1140 1625 1171; x_wconf 88' lang='lat'>&amp;</span> <span class='ocrx_word' id='word_1_1109' title='bbox 1642 1138 1738 1178; x_wconf 87' lang='lat' dir='ltr'>Aquas</span> <span class='ocrx_word' id='word_1_1110' title='bbox 1751 1137 1849 1170; x_wconf 89' lang='lat' dir='ltr'>dulces</span> <span class='ocrx_word' id='word_1_1111' title='bbox 1863 1162 1874 1178; x_wconf 89' lang='lat'>,</span> <span class='ocrx_word' id='word_1_1112' title='bbox 1891 1138 2009 1171; x_wconf 86' lang='lat' dir='ltr'>durante</span> <span class='ocrx_word' id='word_1_1113' title='bbox 2027 1148 2160 1179; x_wconf 88' lang='lat' dir='ltr'>ternpore</span> <span class='ocrx_word' id='word_1_1114' title='bbox 2179 1141 2324 1181; x_wconf 86' lang='lat' dir='ltr'>praesentis</span> 
     </span>
     <span class='ocr_line' id='line_1_131' title="bbox 1247 1173 2324 1219; baseline 0.007 -15"><span class='ocrx_word' id='word_1_1115' title='bbox 1247 1173 1323 1205; x_wconf 78' lang='lat' dir='ltr'>Salw</span> <span class='ocrx_word' id='word_1_1116' title='bbox 1340 1175 1513 1208; x_wconf 69' lang='lat' dir='ltr'>Conductus</span> <span class='ocrx_word' id='word_1_1117' title='bbox 1526 1177 1634 1216; x_wconf 89' lang='lat' dir='ltr'>nostri,</span> <span class='ocrx_word' id='word_1_1118' title='bbox 1649 1177 1815 1216; x_wconf 85' lang='lat' dir='ltr'>existentia,</span> <span class='ocrx_word' id='word_1_1119' title='bbox 1832 1187 1948 1209; x_wconf 90' lang='lat' dir='ltr'>necnon</span> <span class='ocrx_word' id='word_1_1120' title='bbox 1960 1178 2072 1218; x_wconf 70' lang='lat' dir='ltr'>dirstos,</span> <span class='ocrx_word' id='word_1_1121' title='bbox 2089 1179 2228 1219; x_wconf 87' lang='lat' dir='ltr'>Thomam,</span> <span class='ocrx_word' id='word_1_1122' title='bbox 2245 1180 2324 1212; x_wconf 87' lang='lat' dir='ltr'>Ala-</span> 
     </span>
    </p>
   </div>
   <div class='ocr_carea' id='block_1_11' title="bbox 1248 1215 2454 1258">
    <p class='ocr_par' dir='ltr' id='par_1_22' title="bbox 1248 1215 2454 1258">
     <span class='ocr_line' id='line_1_132' title="bbox 1248 1215 2454 1258; baseline -0.001 -6"><span class='ocrx_word' id='word_1_1123' title='bbox 1248 1223 1330 1252; x_wconf 59' lang='grc' dir='ltr'>ΝΜ,</span> <span class='ocrx_word' id='word_1_1124' title='bbox 1347 1217 1513 1255; x_wconf 81' lang='lat' dir='ltr'>Henricum,</span> <span class='ocrx_word' id='word_1_1125' title='bbox 1531 1218 1565 1249; x_wconf 73' lang='grc' dir='ltr'>δι</span> <span class='ocrx_word' id='word_1_1126' title='bbox 1578 1220 1764 1254; x_wconf 80' lang='lat' dir='ltr'>Vincentium,</span> <span class='ocrx_word' id='word_1_1127' title='bbox 1784 1216 1936 1255; x_wconf 63' lang='lat' dir='ltr'>Facitores,</span> <span class='ocrx_word' id='word_1_1128' title='bbox 1958 1216 2136 1258; x_wconf 87' lang='lat' dir='ltr'>Deputatos,</span> <span class='ocrx_word' id='word_1_1129' title='bbox 2155 1221 2172 1237; x_wconf 74' lang='lat'>⁴*</span> <span class='ocrx_word' id='word_1_1130' title='bbox 2191 1219 2325 1251; x_wconf 81' lang='lat' dir='ltr'>Servien-</span> <span class='ocrx_word' id='word_1_1131' title='bbox 2341 1215 2454 1246; x_wconf 64' lang='lat' dir='ltr'>*XIV-</span> 
     </span>
    </p>
   </div>
   <div class='ocr_carea' id='block_1_12' title="bbox 1246 1253 2372 3588">
    <p class='ocr_par' dir='ltr' id='par_1_23' title="bbox 1247 1253 2372 1725">
     <span class='ocr_line' id='line_1_133' title="bbox 1247 1253 2372 1299; baseline 0.009 -18"><span class='ocrx_word' id='word_1_1132' title='bbox 1247 1260 1305 1290; x_wconf 86' lang='lat' dir='ltr'>tes,</span> <span class='ocrx_word' id='word_1_1133' title='bbox 1325 1253 1507 1293; x_wconf 85' lang='lat' dir='ltr'>Affignatos,</span> <span class='ocrx_word' id='word_1_1134' title='bbox 1521 1257 1555 1287; x_wconf 93' lang='lat'>&amp;</span> <span class='ocrx_word' id='word_1_1135' title='bbox 1571 1255 1736 1286; x_wconf 87' lang='lat' dir='ltr'>Attornatos</span> <span class='ocrx_word' id='word_1_1136' title='bbox 1753 1255 1814 1286; x_wconf 90' lang='lat' dir='ltr'>suos</span> <span class='ocrx_word' id='word_1_1137' title='bbox 1847 1255 1978 1288; x_wconf 71' lang='lat' dir='ltr'>raedietos</span> <span class='ocrx_word' id='word_1_1138' title='bbox 1991 1257 2026 1288; x_wconf 73' lang='grc' dir='ltr'>δε</span> <span class='ocrx_word' id='word_1_1139' title='bbox 2039 1266 2140 1289; x_wconf 83' lang='lat' dir='ltr'>eorum</span> <span class='ocrx_word' id='word_1_1140' title='bbox 2155 1259 2324 1299; x_wconf 81' lang='lat' dir='ltr'>quemlibet,</span> <span class='ocrx_word' id='word_1_1141' title='bbox 2341 1263 2372 1291; x_wconf 76' lang='lat'>5·</span> 
     </span>
     <span class='ocr_line' id='line_1_134' title="bbox 1247 1265 2324 1333; baseline 0.009 -13"><span class='ocrx_word' id='word_1_1142' title='bbox 1247 1300 1281 1321; x_wconf 82' lang='lat' dir='ltr'>ac</span> <span class='ocrx_word' id='word_1_1143' title='bbox 1294 1301 1398 1323; x_wconf 88' lang='lat' dir='ltr'>ornnes</span> <span class='ocrx_word' id='word_1_1144' title='bbox 1411 1293 1444 1325; x_wconf 92' lang='lat'>&amp;</span> <span class='ocrx_word' id='word_1_1145' title='bbox 1461 1292 1582 1333; x_wconf 87' lang='lat' dir='ltr'>singulos</span> <span class='ocrx_word' id='word_1_1146' title='bbox 1597 1293 1773 1325; x_wconf 83' lang='lat' dir='ltr'>Mercatores</span> <span class='ocrx_word' id='word_1_1147' title='bbox 1785 1303 1818 1325; x_wconf 81' lang='lat' dir='ltr'>ac</span> <span class='ocrx_word' id='word_1_1148' title='bbox 1826 1265 2038 1333; x_wconf 50' lang='lat' dir='ltr'>q‘roprietarios</span> <span class='ocrx_word' id='word_1_1149' title='bbox 2061 1295 2195 1328; x_wconf 85' lang='lat' dir='ltr'>Navium</span> <span class='ocrx_word' id='word_1_1150' title='bbox 2239 1298 2324 1330; x_wconf 82' lang='lat' dir='ltr'>taedi-</span> 
     </span>
     <span class='ocr_line' id='line_1_135' title="bbox 1248 1329 2324 1374; baseline 0.007 -14"><span class='ocrx_word' id='word_1_1151' title='bbox 1248 1329 1360 1362; x_wconf 60' lang='lat' dir='ltr'>aarum</span> <span class='ocrx_word' id='word_1_1152' title='bbox 1377 1334 1411 1365; x_wconf 71' lang='grc' dir='ltr'>ὅ(</span> <span class='ocrx_word' id='word_1_1153' title='bbox 1427 1342 1525 1363; x_wconf 85' lang='lat' dir='ltr'>earum</span> <span class='ocrx_word' id='word_1_1154' title='bbox 1547 1333 1714 1372; x_wconf 85' lang='lat' dir='ltr'>cujussibet,</span> <span class='ocrx_word' id='word_1_1155' title='bbox 1739 1342 1859 1365; x_wconf 89' lang='lat' dir='ltr'>necnon</span> <span class='ocrx_word' id='word_1_1156' title='bbox 1881 1343 1984 1364; x_wconf 83' lang='lat' dir='ltr'>eorum</span> <span class='ocrx_word' id='word_1_1157' title='bbox 2010 1333 2196 1374; x_wconf 80' lang='lat' dir='ltr'>Attornatos,</span> <span class='ocrx_word' id='word_1_1158' title='bbox 2247 1345 2324 1368; x_wconf 88' lang='lat' dir='ltr'>atro-</span> 
     </span>
     <span class='ocr_line' id='line_1_136' title="bbox 1249 1369 2325 1412; baseline 0.007 -12"><span class='ocrx_word' id='word_1_1159' title='bbox 1249 1377 1318 1412; x_wconf 81' lang='lat' dir='ltr'>nos,</span> <span class='ocrx_word' id='word_1_1160' title='bbox 1337 1369 1511 1411; x_wconf 87' lang='lat' dir='ltr'>Magistros,</span> <span class='ocrx_word' id='word_1_1161' title='bbox 1525 1370 1652 1412; x_wconf 80' lang='lat' dir='ltr'>Piloros,</span> <span class='ocrx_word' id='word_1_1162' title='bbox 1667 1370 1858 1411; x_wconf 75' lang='lat' dir='ltr'>Mannarios,</span> <span class='ocrx_word' id='word_1_1163' title='bbox 1874 1373 1909 1404; x_wconf 75' lang='grc' dir='ltr'>δε</span> <span class='ocrx_word' id='word_1_1164' title='bbox 1921 1372 2099 1412; x_wconf 87' lang='lat' dir='ltr'>Servientes‚</span> <span class='ocrx_word' id='word_1_1165' title='bbox 2115 1374 2145 1405; x_wconf 90' lang='lat' dir='ltr'>in</span> <span class='ocrx_word' id='word_1_1166' title='bbox 2158 1375 2244 1406; x_wconf 60' lang='lat' dir='ltr'>dietis</span> <span class='ocrx_word' id='word_1_1167' title='bbox 2256 1376 2292 1407; x_wconf 87' lang='lat' dir='ltr'>N</span> <span class='ocrx_word' id='word_1_1168' title='bbox 2294 1385 2325 1407; x_wconf 85' lang='lat' dir='ltr'>a·</span> 
     </span>
     <span class='ocr_line' id='line_1_137' title="bbox 1249 1408 2324 1452; baseline 0.007 -13"><span class='ocrx_word' id='word_1_1169' title='bbox 1249 1408 1382 1452; x_wconf 73' lang='lat' dir='ltr'>vibus&amp;</span> <span class='ocrx_word' id='word_1_1170' title='bbox 1396 1420 1493 1442; x_wconf 83' lang='lat' dir='ltr'>earum</span> <span class='ocrx_word' id='word_1_1171' title='bbox 1517 1412 1643 1450; x_wconf 83' lang='lat' dir='ltr'>qualibet</span> <span class='ocrx_word' id='word_1_1172' title='bbox 1663 1421 1717 1452; x_wconf 92' lang='lat' dir='ltr'>pro</span> <span class='ocrx_word' id='word_1_1173' title='bbox 1739 1410 1961 1443; x_wconf 82' lang='lat' dir='ltr'>Gubernatione</span> <span class='ocrx_word' id='word_1_1174' title='bbox 1983 1414 2149 1445; x_wconf 84' lang='lat' dir='ltr'>earumdem</span> <span class='ocrx_word' id='word_1_1175' title='bbox 2171 1414 2206 1446; x_wconf 72' lang='grc' dir='ltr'>δε</span> <span class='ocrx_word' id='word_1_1176' title='bbox 2226 1423 2324 1446; x_wconf 82' lang='lat' dir='ltr'>earum</span> 
     </span>
     <span class='ocr_line' id='line_1_138' title="bbox 1249 1447 2325 1492; baseline 0.007 -14"><span class='ocrx_word' id='word_1_1177' title='bbox 1249 1447 1397 1485; x_wconf 68' lang='lat' dir='ltr'>cuiussibet</span> <span class='ocrx_word' id='word_1_1178' title='bbox 1413 1459 1465 1488; x_wconf 86' lang='lat' dir='ltr'>pro</span> <span class='ocrx_word' id='word_1_1179' title='bbox 1482 1458 1615 1490; x_wconf 85' lang='lat' dir='ltr'>tempore</span> <span class='ocrx_word' id='word_1_1180' title='bbox 1627 1450 1792 1489; x_wconf 86' lang='lat' dir='ltr'>existentes,</span> <span class='ocrx_word' id='word_1_1181' title='bbox 1806 1459 1840 1481; x_wconf 86' lang='lat' dir='ltr'>ac</span> <span class='ocrx_word' id='word_1_1182' title='bbox 1856 1450 2003 1482; x_wconf 68' lang='lat' dir='ltr'>dictorum</span> <span class='ocrx_word' id='word_1_1183' title='bbox 2015 1451 2174 1492; x_wconf 85' lang='lat' dir='ltr'>Vinorum,</span> <span class='ocrx_word' id='word_1_1184' title='bbox 2189 1451 2325 1485; x_wconf 84' lang='lat' dir='ltr'>Gualdo—</span> 
     </span>
     <span class='ocr_line' id='line_1_139' title="bbox 1250 1487 2325 1530; baseline 0.006 -14"><span class='ocrx_word' id='word_1_1185' title='bbox 1250 1495 1333 1527; x_wconf 90' lang='lat' dir='ltr'>rum,</span> <span class='ocrx_word' id='word_1_1186' title='bbox 1355 1487 1441 1527; x_wconf 88' lang='lat' dir='ltr'>Salis,</span> <span class='ocrx_word' id='word_1_1187' title='bbox 1458 1488 1629 1528; x_wconf 86' lang='lat' dir='ltr'>Biretorum,</span> <span class='ocrx_word' id='word_1_1188' title='bbox 1648 1489 1682 1521; x_wconf 92' lang='lat'>&amp;</span> <span class='ocrx_word' id='word_1_1189' title='bbox 1696 1487 1855 1528; x_wconf 79' lang='lat' dir='ltr'>Canavasii,</span> <span class='ocrx_word' id='word_1_1190' title='bbox 1872 1489 2053 1529; x_wconf 82' lang='lat' dir='ltr'>aliorumque</span> <span class='ocrx_word' id='word_1_1191' title='bbox 2065 1490 2225 1530; x_wconf 81' lang='lat' dir='ltr'>Bonorum,</span> <span class='ocrx_word' id='word_1_1192' title='bbox 2239 1491 2325 1524; x_wconf 78' lang='lat' dir='ltr'>Mer—</span> 
     </span>
     <span class='ocr_line' id='line_1_140' title="bbox 1249 1526 2326 1570; baseline 0.007 -15"><span class='ocrx_word' id='word_1_1193' title='bbox 1249 1526 1475 1570; x_wconf 79' lang='lat' dir='ltr'>caridisarum&amp;</span> <span class='ocrx_word' id='word_1_1194' title='bbox 1497 1528 1766 1560; x_wconf 86' lang='lat' dir='ltr'>Mercimoniorum</span> <span class='ocrx_word' id='word_1_1195' title='bbox 1790 1527 1995 1566; x_wconf 71' lang='lat' dir='ltr'>praedictorum</span> <span class='ocrx_word' id='word_1_1196' title='bbox 2020 1530 2051 1560; x_wconf 90' lang='lat' dir='ltr'>in</span> <span class='ocrx_word' id='word_1_1197' title='bbox 2068 1529 2175 1561; x_wconf 86' lang='lat' dir='ltr'>eisdem</span> <span class='ocrx_word' id='word_1_1198' title='bbox 2199 1530 2326 1563; x_wconf 82' lang='lat' dir='ltr'>fimiliter</span> 
     </span>
     <span class='ocr_line' id='line_1_141' title="bbox 1250 1565 2325 1607; baseline 0.007 -13"><span class='ocrx_word' id='word_1_1199' title='bbox 1250 1565 1448 1606; x_wconf 85' lang='lat' dir='ltr'>existentium,</span> <span class='ocrx_word' id='word_1_1200' title='bbox 1464 1567 1495 1597; x_wconf 87' lang='lat' dir='ltr'>in</span> <span class='ocrx_word' id='word_1_1201' title='bbox 1511 1567 1568 1599; x_wconf 86' lang='lat' dir='ltr'>hoc</span> <span class='ocrx_word' id='word_1_1202' title='bbox 1584 1567 1721 1607; x_wconf 87' lang='lat' dir='ltr'>Regnum</span> <span class='ocrx_word' id='word_1_1203' title='bbox 1733 1567 1864 1598; x_wconf 89' lang='lat' dir='ltr'>nostrum</span> <span class='ocrx_word' id='word_1_1204' title='bbox 1886 1567 2060 1606; x_wconf 64' lang='lat' dir='ltr'>praedictum</span> <span class='ocrx_word' id='word_1_1205' title='bbox 2082 1576 2131 1600; x_wconf 82' lang='lat' dir='ltr'>aut</span> <span class='ocrx_word' id='word_1_1206' title='bbox 2150 1568 2217 1600; x_wconf 78' lang='lat' dir='ltr'>alibi</span> <span class='ocrx_word' id='word_1_1207' title='bbox 2234 1570 2325 1603; x_wconf 75' lang='lat' dir='ltr'>addu-</span> 
     </span>
     <span class='ocr_line' id='line_1_142' title="bbox 1249 1603 2323 1645; baseline 0.005 -11"><span class='ocrx_word' id='word_1_1208' title='bbox 1249 1603 1365 1636; x_wconf 67' lang='lat' dir='ltr'>storum</span> <span class='ocrx_word' id='word_1_1209' title='bbox 1378 1605 1425 1639; x_wconf 90' lang='lat' dir='ltr'>vel</span> <span class='ocrx_word' id='word_1_1210' title='bbox 1440 1605 1688 1645; x_wconf 83' lang='lat' dir='ltr'>adducendorum,</span> <span class='ocrx_word' id='word_1_1211' title='bbox 1705 1615 1752 1637; x_wconf 91' lang='lat' dir='ltr'>aut</span> <span class='ocrx_word' id='word_1_1212' title='bbox 1767 1607 1798 1636; x_wconf 90' lang='lat' dir='ltr'>in</span> <span class='ocrx_word' id='word_1_1213' title='bbox 1812 1607 1905 1637; x_wconf 88' lang='lat' dir='ltr'>forma</span> <span class='ocrx_word' id='word_1_1214' title='bbox 1922 1606 2058 1645; x_wconf 60' lang='lat' dir='ltr'>praediffl</span> <span class='ocrx_word' id='word_1_1215' title='bbox 2071 1616 2149 1640; x_wconf 76' lang='lat' dir='ltr'>extra</span> <span class='ocrx_word' id='word_1_1216' title='bbox 2166 1606 2245 1639; x_wconf 85' lang='lat' dir='ltr'>idem</span> <span class='ocrx_word' id='word_1_1217' title='bbox 2259 1608 2323 1642; x_wconf 54' lang='lat' dir='ltr'>R&amp;</span> 
     </span>
     <span class='ocr_line' id='line_1_143' title="bbox 1249 1643 2323 1687; baseline 0.007 -14"><span class='ocrx_word' id='word_1_1218' title='bbox 1249 1651 1340 1682; x_wconf 89' lang='lat' dir='ltr'>gnum</span> <span class='ocrx_word' id='word_1_1219' title='bbox 1354 1643 1487 1675; x_wconf 88' lang='lat' dir='ltr'>nostrum</span> <span class='ocrx_word' id='word_1_1220' title='bbox 1500 1645 1622 1678; x_wconf 87' lang='lat' dir='ltr'>similiter</span> <span class='ocrx_word' id='word_1_1221' title='bbox 1635 1645 1866 1683; x_wconf 87' lang='lat' dir='ltr'>educendorum,</span> <span class='ocrx_word' id='word_1_1222' title='bbox 1881 1645 1985 1685; x_wconf 88' lang='lat' dir='ltr'>absque</span> <span class='ocrx_word' id='word_1_1223' title='bbox 1998 1645 2095 1685; x_wconf 85' lang='lat' dir='ltr'>aliquo</span> <span class='ocrx_word' id='word_1_1224' title='bbox 2106 1644 2323 1687; x_wconf 75' lang='lat' dir='ltr'>Impedtmento</span> 
     </span>
     <span class='ocr_line' id='line_1_144' title="bbox 1249 1681 2196 1725; baseline 0.004 -13"><span class='ocrx_word' id='word_1_1225' title='bbox 1249 1682 1339 1713; x_wconf 84' lang='lat' dir='ltr'>nostri</span> <span class='ocrx_word' id='word_1_1226' title='bbox 1352 1691 1399 1714; x_wconf 91' lang='lat' dir='ltr'>aut</span> <span class='ocrx_word' id='word_1_1227' title='bbox 1407 1681 1568 1715; x_wconf 87' lang='lat' dir='ltr'>Haeredum</span> <span class='ocrx_word' id='word_1_1228' title='bbox 1584 1684 1750 1715; x_wconf 89' lang='lat' dir='ltr'>nostrorum</span> <span class='ocrx_word' id='word_1_1229' title='bbox 1781 1692 2034 1725; x_wconf 62' lang='lat' dir='ltr'>uorumcumqueg,</span> <span class='ocrx_word' id='word_1_1230' title='bbox 2195 1690 2196 1695; x_wconf 61' lang='lat'>¹</span> 
     </span>
    </p>

    <p class='ocr_par' dir='ltr' id='par_1_24' title="bbox 1246 1720 2328 2461">
     <span class='ocr_line' id='line_1_145' title="bbox 1284 1720 2326 1766; baseline 0.005 -14"><span class='ocrx_word' id='word_1_1231' title='bbox 1284 1720 1328 1766; x_wconf 31' lang='lat' dir='ltr'>‘Et</span> <span class='ocrx_word' id='word_1_1232' title='bbox 1342 1722 1409 1753; x_wconf 88' lang='lat' dir='ltr'>ideo</span> <span class='ocrx_word' id='word_1_1233' title='bbox 1422 1723 1503 1753; x_wconf 89' lang='lat' dir='ltr'>vobis</span> <span class='ocrx_word' id='word_1_1234' title='bbox 1518 1723 1552 1754; x_wconf 91' lang='lat'>&amp;</span> <span class='ocrx_word' id='word_1_1235' title='bbox 1568 1723 1684 1755; x_wconf 88' lang='lat' dir='ltr'>cuilibet</span> <span class='ocrx_word' id='word_1_1236' title='bbox 1697 1722 1769 1754; x_wconf 84' lang='lat' dir='ltr'>vestr</span> <span class='ocrx_word' id='word_1_1237' title='bbox 1795 1730 1842 1760; x_wconf 88' lang='lat' dir='ltr'>rn,</span> <span class='ocrx_word' id='word_1_1238' title='bbox 1859 1722 2011 1754; x_wconf 73' lang='lat' dir='ltr'>distriffius</span> <span class='ocrx_word' id='word_1_1239' title='bbox 2025 1734 2084 1763; x_wconf 89' lang='lat' dir='ltr'>quo</span> <span class='ocrx_word' id='word_1_1240' title='bbox 2097 1723 2261 1764; x_wconf 62' lang='lat' dir='ltr'>poffirmm,</span> <span class='ocrx_word' id='word_1_1241' title='bbox 2278 1724 2326 1757; x_wconf 77' lang='lat' dir='ltr'>fir·—</span> 
     </span>
     <span class='ocr_line' id='line_1_146' title="bbox 1249 1761 2327 1802; baseline 0.006 -12"><span class='ocrx_word' id='word_1_1242' title='bbox 1249 1769 1333 1791; x_wconf 90' lang='lat' dir='ltr'>miter</span> <span class='ocrx_word' id='word_1_1243' title='bbox 1345 1761 1524 1801; x_wconf 87' lang='lat' dir='ltr'>injungendo</span> <span class='ocrx_word' id='word_1_1244' title='bbox 1539 1784 1550 1801; x_wconf 93' lang='lat'>,</span> <span class='ocrx_word' id='word_1_1245' title='bbox 1573 1761 1747 1793; x_wconf 89' lang='lat' dir='ltr'>Mandamus</span> <span class='ocrx_word' id='word_1_1246' title='bbox 1771 1761 1852 1800; x_wconf 78' lang='lat' dir='ltr'>quod</span> <span class='ocrx_word' id='word_1_1247' title='bbox 1874 1762 2025 1800; x_wconf 63' lang='lat' dir='ltr'>praedictos</span> <span class='ocrx_word' id='word_1_1248' title='bbox 2045 1762 2264 1802; x_wconf 77' lang='lat' dir='ltr'>proprietarios,</span> <span class='ocrx_word' id='word_1_1249' title='bbox 2281 1765 2327 1801; x_wconf 59' lang='lat'>2&amp;</span> 
     </span>
     <span class='ocr_line' id='line_1_147' title="bbox 1249 1797 2328 1842; baseline 0.005 -13"><span class='ocrx_word' id='word_1_1250' title='bbox 1249 1807 1351 1829; x_wconf 90' lang='lat' dir='ltr'>eorum</span> <span class='ocrx_word' id='word_1_1251' title='bbox 1365 1801 1550 1839; x_wconf 87' lang='lat' dir='ltr'>Attornatos,</span> <span class='ocrx_word' id='word_1_1252' title='bbox 1568 1797 1696 1840; x_wconf 81' lang='lat' dir='ltr'>Piloros,</span> <span class='ocrx_word' id='word_1_1253' title='bbox 1713 1801 1747 1831; x_wconf 69' lang='lat' dir='ltr'>&amp;c</span> <span class='ocrx_word' id='word_1_1254' title='bbox 1771 1800 1931 1832; x_wconf 84' lang='lat' dir='ltr'>Servientes</span> <span class='ocrx_word' id='word_1_1255' title='bbox 1945 1823 1957 1839; x_wconf 90' lang='lat'>,</span> <span class='ocrx_word' id='word_1_1256' title='bbox 1981 1810 2016 1832; x_wconf 86' lang='lat' dir='ltr'>ac</span> <span class='ocrx_word' id='word_1_1257' title='bbox 2037 1800 2139 1834; x_wconf 91' lang='lat' dir='ltr'>Naves</span> <span class='ocrx_word' id='word_1_1258' title='bbox 2159 1802 2328 1842; x_wconf 64' lang='lat' dir='ltr'>praedietas,</span> 
     </span>
     <span class='ocr_line' id='line_1_148' title="bbox 1250 1837 2325 1880; baseline 0.003 -12"><span class='ocrx_word' id='word_1_1259' title='bbox 1250 1847 1320 1868; x_wconf 90' lang='lat' dir='ltr'>cum</span> <span class='ocrx_word' id='word_1_1260' title='bbox 1335 1837 1432 1876; x_wconf 86' lang='lat' dir='ltr'>Vinis,</span> <span class='ocrx_word' id='word_1_1261' title='bbox 1451 1838 1587 1878; x_wconf 88' lang='lat' dir='ltr'>Gualdis,</span> <span class='ocrx_word' id='word_1_1262' title='bbox 1607 1838 1688 1878; x_wconf 90' lang='lat' dir='ltr'>Sale,</span> <span class='ocrx_word' id='word_1_1263' title='bbox 1704 1838 1819 1875; x_wconf 79' lang='lat' dir='ltr'>Biretis,</span> <span class='ocrx_word' id='word_1_1264' title='bbox 1838 1838 1872 1869; x_wconf 74' lang='grc' dir='ltr'>δε</span> <span class='ocrx_word' id='word_1_1265' title='bbox 1888 1837 2062 1877; x_wconf 86' lang='lat' dir='ltr'>Canavasio,</span> <span class='ocrx_word' id='word_1_1266' title='bbox 2086 1850 2121 1872; x_wconf 86' lang='lat' dir='ltr'>ac</span> <span class='ocrx_word' id='word_1_1267' title='bbox 2142 1840 2325 1880; x_wconf 80' lang='lat' dir='ltr'>aliis,B0nis‚</span> 
     </span>
     <span class='ocr_line' id='line_1_149' title="bbox 1250 1876 2327 1915; baseline 0.004 -8"><span class='ocrx_word' id='word_1_1268' title='bbox 1250 1876 1367 1915; x_wconf 87' lang='lat' dir='ltr'>Rebus,</span> <span class='ocrx_word' id='word_1_1269' title='bbox 1387 1876 1595 1915; x_wconf 85' lang='lat' dir='ltr'>Mercandisis,</span> <span class='ocrx_word' id='word_1_1270' title='bbox 1612 1876 1830 1915; x_wconf 73' lang='lat' dir='ltr'>MercimoniiS,</span> <span class='ocrx_word' id='word_1_1271' title='bbox 1849 1877 1883 1908; x_wconf 87' lang='lat'>&amp;</span> <span class='ocrx_word' id='word_1_1272' title='bbox 1896 1879 2008 1909; x_wconf 87' lang='lat' dir='ltr'>caeteris</span> <span class='ocrx_word' id='word_1_1273' title='bbox 2030 1876 2186 1910; x_wconf 80' lang='lat' dir='ltr'>Praemiffis</span> <span class='ocrx_word' id='word_1_1274' title='bbox 2206 1880 2327 1911; x_wconf 82' lang='lat' dir='ltr'>carcatis</span> 
     </span>
     <span class='ocr_line' id='line_1_150' title="bbox 1250 1915 2324 1957; baseline 0.004 -11"><span class='ocrx_word' id='word_1_1275' title='bbox 1250 1915 1297 1946; x_wconf 90' lang='lat' dir='ltr'>vel</span> <span class='ocrx_word' id='word_1_1276' title='bbox 1315 1916 1479 1954; x_wconf 87' lang='lat' dir='ltr'>carcandis,</span> <span class='ocrx_word' id='word_1_1277' title='bbox 1498 1918 1602 1955; x_wconf 89' lang='lat' dir='ltr'>emptis</span> <span class='ocrx_word' id='word_1_1278' title='bbox 1616 1916 1664 1947; x_wconf 89' lang='lat' dir='ltr'>seu</span> <span class='ocrx_word' id='word_1_1279' title='bbox 1687 1916 1806 1955; x_wconf 83' lang='lat' dir='ltr'>provisis</span> <span class='ocrx_word' id='word_1_1280' title='bbox 1820 1938 1830 1953; x_wconf 91' lang='lat'>,</span> <span class='ocrx_word' id='word_1_1281' title='bbox 1853 1916 1981 1947; x_wconf 90' lang='lat' dir='ltr'>emendis</span> <span class='ocrx_word' id='word_1_1282' title='bbox 2001 1916 2048 1947; x_wconf 87' lang='lat' dir='ltr'>seu</span> <span class='ocrx_word' id='word_1_1283' title='bbox 2070 1917 2273 1957; x_wconf 82' lang='lat' dir='ltr'>providendis,</span> <span class='ocrx_word' id='word_1_1284' title='bbox 2291 1920 2324 1950; x_wconf 83' lang='lat' dir='ltr'>in</span> 
     </span>
     <span class='ocr_line' id='line_1_151' title="bbox 1250 1953 2325 1996; baseline 0.005 -12"><span class='ocrx_word' id='word_1_1285' title='bbox 1250 1953 1390 1993; x_wconf 87' lang='lat' dir='ltr'>Regnum</span> <span class='ocrx_word' id='word_1_1286' title='bbox 1403 1955 1534 1985; x_wconf 87' lang='lat' dir='ltr'>nostrum</span> <span class='ocrx_word' id='word_1_1287' title='bbox 1550 1955 1665 1994; x_wconf 86' lang='lat' dir='ltr'>Angliae</span> <span class='ocrx_word' id='word_1_1288' title='bbox 1679 1966 1729 1993; x_wconf 88' lang='lat' dir='ltr'>pet</span> <span class='ocrx_word' id='word_1_1289' title='bbox 1752 1963 1942 1994; x_wconf 81' lang='lat' dir='ltr'>quaecumque</span> <span class='ocrx_word' id='word_1_1290' title='bbox 1961 1955 2135 1995; x_wconf 84' lang='lat' dir='ltr'>Territoria‚</span> <span class='ocrx_word' id='word_1_1291' title='bbox 2151 1954 2325 1996; x_wconf 59' lang='lat' dir='ltr'>Dimidios,</span> 
     </span>
     <span class='ocr_line' id='line_1_152' title="bbox 1246 1992 2327 2034; baseline 0.004 -11"><span class='ocrx_word' id='word_1_1292' title='bbox 1246 1992 1480 2032; x_wconf 71' lang='lat' dir='ltr'>jurisdictiones,</span> <span class='ocrx_word' id='word_1_1293' title='bbox 1499 1994 1532 2025; x_wconf 91' lang='lat'>&amp;</span> <span class='ocrx_word' id='word_1_1294' title='bbox 1548 1993 1630 2024; x_wconf 90' lang='lat' dir='ltr'>Loca</span> <span class='ocrx_word' id='word_1_1295' title='bbox 1644 1992 1746 2024; x_wconf 86' lang='lat' dir='ltr'>Nobis</span> <span class='ocrx_word' id='word_1_1296' title='bbox 1760 1993 1929 2033; x_wconf 83' lang='lat' dir='ltr'>pertinentia</span> <span class='ocrx_word' id='word_1_1297' title='bbox 1939 1994 1985 2025; x_wconf 85' lang='lat' dir='ltr'>vel</span> <span class='ocrx_word' id='word_1_1298' title='bbox 2003 2004 2063 2025; x_wconf 86' lang='lat' dir='ltr'>non</span> <span class='ocrx_word' id='word_1_1299' title='bbox 2086 1996 2254 2034; x_wconf 84' lang='lat' dir='ltr'>pertinentia</span> <span class='ocrx_word' id='word_1_1300' title='bbox 2273 2007 2327 2027; x_wconf 47' lang='lat' dir='ltr'>vc*</span> 
     </span>
     <span class='ocr_line' id='line_1_153' title="bbox 1251 2030 2324 2073; baseline 0.005 -11"><span class='ocrx_word' id='word_1_1301' title='bbox 1251 2032 1358 2063; x_wconf 91' lang='lat' dir='ltr'>niendo</span> <span class='ocrx_word' id='word_1_1302' title='bbox 1369 2055 1379 2071; x_wconf 90' lang='lat'>,</span> <span class='ocrx_word' id='word_1_1303' title='bbox 1397 2033 1503 2063; x_wconf 89' lang='lat' dir='ltr'>ibidem</span> <span class='ocrx_word' id='word_1_1304' title='bbox 1523 2032 1679 2071; x_wconf 89' lang='lat' dir='ltr'>morando,</span> <span class='ocrx_word' id='word_1_1305' title='bbox 1698 2031 1803 2064; x_wconf 68' lang='lat' dir='ltr'>Nocte</span> <span class='ocrx_word' id='word_1_1306' title='bbox 1814 2030 1932 2071; x_wconf 87' lang='lat' dir='ltr'>Dieque</span> <span class='ocrx_word' id='word_1_1307' title='bbox 1944 2032 2198 2073; x_wconf 85' lang='lat' dir='ltr'>perhendinando,</span> <span class='ocrx_word' id='word_1_1308' title='bbox 2213 2044 2248 2066; x_wconf 80' lang='lat' dir='ltr'>ac</span> <span class='ocrx_word' id='word_1_1309' title='bbox 2269 2034 2324 2067; x_wconf 80' lang='lat' dir='ltr'>Vi—</span> 
     </span>
     <span class='ocr_line' id='line_1_154' title="bbox 1251 2070 2327 2111; baseline 0.005 -10"><span class='ocrx_word' id='word_1_1310' title='bbox 1251 2080 1306 2110; x_wconf 91' lang='lat' dir='ltr'>na,</span> <span class='ocrx_word' id='word_1_1311' title='bbox 1324 2071 1455 2111; x_wconf 84' lang='lat' dir='ltr'>Gualda,</span> <span class='ocrx_word' id='word_1_1312' title='bbox 1473 2071 1537 2109; x_wconf 86' lang='lat' dir='ltr'>Sal,</span> <span class='ocrx_word' id='word_1_1313' title='bbox 1556 2072 1590 2104; x_wconf 91' lang='lat'>&amp;</span> <span class='ocrx_word' id='word_1_1314' title='bbox 1604 2079 1706 2102; x_wconf 84' lang='lat' dir='ltr'>caetera</span> <span class='ocrx_word' id='word_1_1315' title='bbox 1728 2070 1876 2103; x_wconf 82' lang='lat' dir='ltr'>Praemiffa</span> <span class='ocrx_word' id='word_1_1316' title='bbox 1899 2071 1934 2101; x_wconf 69' lang='grc' dir='ltr'>ὅ(</span> <span class='ocrx_word' id='word_1_1317' title='bbox 1956 2081 2058 2103; x_wconf 88' lang='lat' dir='ltr'>eorum</span> <span class='ocrx_word' id='word_1_1318' title='bbox 2104 2073 2234 2105; x_wconf 85' lang='lat' dir='ltr'>uodlibet</span> <span class='ocrx_word' id='word_1_1319' title='bbox 2252 2083 2327 2106; x_wconf 84' lang='lat' dir='ltr'>ven-</span> 
     </span>
     <span class='ocr_line' id='line_1_155' title="bbox 1252 2107 2327 2152; baseline 0.002 -12"><span class='ocrx_word' id='word_1_1320' title='bbox 1252 2109 1350 2141; x_wconf 92' lang='lat' dir='ltr'>dendo</span> <span class='ocrx_word' id='word_1_1321' title='bbox 1366 2111 1412 2142; x_wconf 89' lang='lat' dir='ltr'>vel</span> <span class='ocrx_word' id='word_1_1322' title='bbox 1424 2112 1502 2142; x_wconf 90' lang='lat' dir='ltr'>aliter</span> <span class='ocrx_word' id='word_1_1323' title='bbox 1515 2110 1728 2148; x_wconf 88' lang='lat' dir='ltr'>distribuendo,</span> <span class='ocrx_word' id='word_1_1324' title='bbox 1744 2120 1778 2142; x_wconf 88' lang='lat' dir='ltr'>ac</span> <span class='ocrx_word' id='word_1_1325' title='bbox 1792 2108 1843 2141; x_wconf 86' lang='lat' dir='ltr'>alia</span> <span class='ocrx_word' id='word_1_1326' title='bbox 1857 2107 2061 2150; x_wconf 86' lang='lat' dir='ltr'>Mercandisas,</span> <span class='ocrx_word' id='word_1_1327' title='bbox 2123 2122 2176 2152; x_wconf 86' lang='lat' dir='ltr'>na,</span> <span class='ocrx_word' id='word_1_1328' title='bbox 2193 2115 2228 2146; x_wconf 89' lang='lat'>&amp;</span> <span class='ocrx_word' id='word_1_1329' title='bbox 2241 2111 2327 2145; x_wconf 70' lang='lat' dir='ltr'>Mer-</span> 
     </span>
     <span class='ocr_line' id='line_1_156' title="bbox 1253 2148 2322 2189; baseline 0.004 -9"><span class='ocrx_word' id='word_1_1330' title='bbox 1253 2149 1381 2180; x_wconf 89' lang='lat' dir='ltr'>cimonia</span> <span class='ocrx_word' id='word_1_1331' title='bbox 1396 2150 1538 2189; x_wconf 80' lang='lat' dir='ltr'>(exceptis</span> <span class='ocrx_word' id='word_1_1332' title='bbox 1552 2151 1755 2188; x_wconf 83' lang='lat' dir='ltr'>praeexceptis)</span> <span class='ocrx_word' id='word_1_1333' title='bbox 1772 2148 1916 2188; x_wconf 84' lang='lat' dir='ltr'>ernendO,</span> <span class='ocrx_word' id='word_1_1334' title='bbox 1931 2159 1965 2181; x_wconf 91' lang='lat' dir='ltr'>ac</span> <span class='ocrx_word' id='word_1_1335' title='bbox 1981 2149 2082 2182; x_wconf 88' lang='lat' dir='ltr'>Naves</span> <span class='ocrx_word' id='word_1_1336' title='bbox 2098 2150 2157 2183; x_wconf 90' lang='lat' dir='ltr'>illas</span> <span class='ocrx_word' id='word_1_1337' title='bbox 2169 2152 2204 2183; x_wconf 90' lang='lat'>&amp;</span> <span class='ocrx_word' id='word_1_1338' title='bbox 2224 2160 2322 2184; x_wconf 87' lang='lat' dir='ltr'>earum</span> 
     </span>
     <span class='ocr_line' id='line_1_157' title="bbox 1252 2186 2325 2228; baseline 0.004 -10"><span class='ocrx_word' id='word_1_1339' title='bbox 1252 2189 1407 2228; x_wconf 87' lang='lat' dir='ltr'>quamlibet</span> <span class='ocrx_word' id='word_1_1340' title='bbox 1417 2198 1489 2220; x_wconf 88' lang='lat' dir='ltr'>curn</span> <span class='ocrx_word' id='word_1_1341' title='bbox 1512 2189 1575 2227; x_wconf 87' lang='lat' dir='ltr'>ipsis</span> <span class='ocrx_word' id='word_1_1342' title='bbox 1596 2187 1698 2227; x_wconf 91' lang='lat' dir='ltr'>Bonis,</span> <span class='ocrx_word' id='word_1_1343' title='bbox 1717 2186 1922 2226; x_wconf 76' lang='lat' dir='ltr'>MercandisiS,</span> <span class='ocrx_word' id='word_1_1344' title='bbox 1947 2189 1983 2220; x_wconf 92' lang='lat'>&amp;</span> <span class='ocrx_word' id='word_1_1345' title='bbox 2005 2187 2212 2222; x_wconf 87' lang='lat' dir='ltr'>Mercimoniis</span> <span class='ocrx_word' id='word_1_1346' title='bbox 2232 2200 2325 2222; x_wconf 79' lang='lat' dir='ltr'>recar-</span> 
     </span>
     <span class='ocr_line' id='line_1_158' title="bbox 1253 2224 2324 2267; baseline 0.001 -8"><span class='ocrx_word' id='word_1_1347' title='bbox 1253 2227 1367 2266; x_wconf 86' lang='lat' dir='ltr'>cando,</span> <span class='ocrx_word' id='word_1_1348' title='bbox 1383 2228 1417 2260; x_wconf 91' lang='lat'>&amp;</span> <span class='ocrx_word' id='word_1_1349' title='bbox 1432 2229 1468 2259; x_wconf 84' lang='lat' dir='ltr'>ab</span> <span class='ocrx_word' id='word_1_1350' title='bbox 1484 2227 1588 2259; x_wconf 91' lang='lat' dir='ltr'>eodem</span> <span class='ocrx_word' id='word_1_1351' title='bbox 1606 2226 1712 2266; x_wconf 85' lang='lat' dir='ltr'>Regno</span> <span class='ocrx_word' id='word_1_1352' title='bbox 1724 2224 1824 2258; x_wconf 86' lang='lat' dir='ltr'>nostro</span> <span class='ocrx_word' id='word_1_1353' title='bbox 1843 2236 1912 2257; x_wconf 86' lang='lat' dir='ltr'>cum</span> <span class='ocrx_word' id='word_1_1354' title='bbox 1930 2227 2034 2258; x_wconf 89' lang='lat' dir='ltr'>eisdem</span> <span class='ocrx_word' id='word_1_1355' title='bbox 2056 2227 2144 2267; x_wconf 86' lang='lat' dir='ltr'>usque</span> <span class='ocrx_word' id='word_1_1356' title='bbox 2168 2230 2203 2260; x_wconf 83' lang='lat' dir='ltr'>ad</span> <span class='ocrx_word' id='word_1_1357' title='bbox 2225 2230 2324 2261; x_wconf 78' lang='lat' dir='ltr'>Partes</span> 
     </span>
     <span class='ocr_line' id='line_1_159' title="bbox 1252 2264 2325 2308; baseline 0.001 -10"><span class='ocrx_word' id='word_1_1358' title='bbox 1252 2268 1369 2300; x_wconf 80' lang='lat' dir='ltr'>Exreras</span> <span class='ocrx_word' id='word_1_1359' title='bbox 1383 2267 1575 2306; x_wconf 88' lang='lat' dir='ltr'>quascumque</span> <span class='ocrx_word' id='word_1_1360' title='bbox 1590 2266 1757 2296; x_wconf 85' lang='lat' dir='ltr'>transeundo</span> <span class='ocrx_word' id='word_1_1361' title='bbox 1771 2265 1805 2297; x_wconf 73' lang='grc' dir='ltr'>ὅ(</span> <span class='ocrx_word' id='word_1_1362' title='bbox 1825 2264 1973 2308; x_wconf 81' lang='lat' dir='ltr'>redeundo</span> <span class='ocrx_word' id='word_1_1363' title='bbox 1987 2287 1999 2304; x_wconf 84' lang='lat'>,</span> <span class='ocrx_word' id='word_1_1364' title='bbox 2015 2267 2119 2298; x_wconf 90' lang='lat' dir='ltr'>totiens</span> <span class='ocrx_word' id='word_1_1365' title='bbox 2137 2268 2269 2306; x_wconf 84' lang='lat' dir='ltr'>quotiens</span> <span class='ocrx_word' id='word_1_1366' title='bbox 2282 2269 2325 2299; x_wconf 81' lang='lat' dir='ltr'>eis</span> 
     </span>
     <span class='ocr_line' id='line_1_160' title="bbox 1252 2302 2323 2348; baseline 0.002 -13"><span class='ocrx_word' id='word_1_1367' title='bbox 1252 2316 1299 2339; x_wconf 81' lang='lat' dir='ltr'>aut</span> <span class='ocrx_word' id='word_1_1368' title='bbox 1313 2315 1414 2336; x_wconf 88' lang='lat' dir='ltr'>eorum</span> <span class='ocrx_word' id='word_1_1369' title='bbox 1425 2306 1508 2336; x_wconf 85' lang='lat' dir='ltr'>alicui</span> <span class='ocrx_word' id='word_1_1370' title='bbox 1523 2305 1568 2336; x_wconf 87' lang='lat' dir='ltr'>vel</span> <span class='ocrx_word' id='word_1_1371' title='bbox 1582 2304 1720 2341; x_wconf 85' lang='lat' dir='ltr'>aliquibus</span> <span class='ocrx_word' id='word_1_1372' title='bbox 1735 2303 1869 2342; x_wconf 88' lang='lat' dir='ltr'>placuerit</span> <span class='ocrx_word' id='word_1_1373' title='bbox 1883 2303 1940 2334; x_wconf 91' lang='lat' dir='ltr'>five</span> <span class='ocrx_word' id='word_1_1374' title='bbox 1953 2302 2128 2348; x_wconf 81' lang='lat' dir='ltr'>placuerint,</span> <span class='ocrx_word' id='word_1_1375' title='bbox 2142 2306 2261 2337; x_wconf 85' lang='lat' dir='ltr'>durante</span> <span class='ocrx_word' id='word_1_1376' title='bbox 2273 2314 2323 2337; x_wconf 86' lang='lat' dir='ltr'>to-</span> 
     </span>
     <span class='ocr_line' id='line_1_161' title="bbox 1253 2340 2322 2384; baseline 0 -7"><span class='ocrx_word' id='word_1_1377' title='bbox 1253 2355 1285 2378; x_wconf 94' lang='lat' dir='ltr'>to</span> <span class='ocrx_word' id='word_1_1378' title='bbox 1301 2352 1431 2383; x_wconf 88' lang='lat' dir='ltr'>tempore</span> <span class='ocrx_word' id='word_1_1379' title='bbox 1445 2342 1586 2383; x_wconf 85' lang='lat' dir='ltr'>praesentis</span> <span class='ocrx_word' id='word_1_1380' title='bbox 1597 2341 1673 2373; x_wconf 89' lang='lat' dir='ltr'>Salvi</span> <span class='ocrx_word' id='word_1_1381' title='bbox 1686 2340 1857 2372; x_wconf 66' lang='lat' dir='ltr'>Conducrcis</span> <span class='ocrx_word' id='word_1_1382' title='bbox 1870 2341 1977 2381; x_wconf 85' lang='lat' dir='ltr'>nostri,</span> <span class='ocrx_word' id='word_1_1383' title='bbox 1994 2342 2099 2382; x_wconf 75' lang='lat' dir='ltr'>libere,</span> <span class='ocrx_word' id='word_1_1384' title='bbox 2115 2345 2225 2384; x_wconf 75' lang='lat' dir='ltr'>quiete,</span> <span class='ocrx_word' id='word_1_1385' title='bbox 2241 2345 2322 2383; x_wconf 85' lang='lat' dir='ltr'>paci-</span> 
     </span>
     <span class='ocr_line' id='line_1_162' title="bbox 1252 2379 2321 2423; baseline 0.003 -10"><span class='ocrx_word' id='word_1_1386' title='bbox 1252 2384 1326 2421; x_wconf 81' lang='lat' dir='ltr'>fice,</span> <span class='ocrx_word' id='word_1_1387' title='bbox 1346 2385 1422 2422; x_wconf 82' lang='lat' dir='ltr'>tute,</span> <span class='ocrx_word' id='word_1_1388' title='bbox 1441 2384 1474 2415; x_wconf 89' lang='lat'>&amp;</span> <span class='ocrx_word' id='word_1_1389' title='bbox 1490 2382 1547 2412; x_wconf 90' lang='lat' dir='ltr'>fine</span> <span class='ocrx_word' id='word_1_1390' title='bbox 1558 2380 1772 2419; x_wconf 82' lang='lat' dir='ltr'>[mpedimento</span> <span class='ocrx_word' id='word_1_1391' title='bbox 1785 2380 1831 2411; x_wconf 91' lang='lat' dir='ltr'>vel</span> <span class='ocrx_word' id='word_1_1392' title='bbox 1845 2379 2024 2413; x_wconf 88' lang='lat' dir='ltr'>Gravamine</span> <span class='ocrx_word' id='word_1_1393' title='bbox 2037 2392 2225 2423; x_wconf 88' lang='lat' dir='ltr'>quocumque</span> <span class='ocrx_word' id='word_1_1394' title='bbox 2234 2384 2321 2416; x_wconf 83' lang='lat' dir='ltr'>inter-</span> 
     </span>
     <span class='ocr_line' id='line_1_163' title="bbox 1250 2419 2031 2461; baseline -0.003 -8"><span class='ocrx_word' id='word_1_1395' title='bbox 1250 2422 1380 2461; x_wconf 87' lang='lat' dir='ltr'>teneatis,</span> <span class='ocrx_word' id='word_1_1396' title='bbox 1398 2421 1617 2458; x_wconf 88' lang='lat' dir='ltr'>manuteneatis,</span> <span class='ocrx_word' id='word_1_1397' title='bbox 1631 2419 1794 2458; x_wconf 80' lang='lat' dir='ltr'>protegatis,</span> <span class='ocrx_word' id='word_1_1398' title='bbox 1810 2419 1844 2450; x_wconf 91' lang='lat'>&amp;</span> <span class='ocrx_word' id='word_1_1399' title='bbox 1858 2419 2031 2460; x_wconf 87' lang='lat' dir='ltr'>defendatis,</span> 
     </span>
    </p>

    <p class='ocr_par' dir='ltr' id='par_1_25' title="bbox 1247 2457 2324 2608">
     <span class='ocr_line' id='line_1_164' title="bbox 1290 2457 2320 2500; baseline 0.002 -9"><span class='ocrx_word' id='word_1_1400' title='bbox 1290 2461 1367 2492; x_wconf 91' lang='lat' dir='ltr'>Non</span> <span class='ocrx_word' id='word_1_1401' title='bbox 1381 2460 1531 2491; x_wconf 90' lang='lat' dir='ltr'>inferentes</span> <span class='ocrx_word' id='word_1_1402' title='bbox 1545 2459 1583 2489; x_wconf 90' lang='lat' dir='ltr'>eis</span> <span class='ocrx_word' id='word_1_1403' title='bbox 1599 2467 1646 2489; x_wconf 89' lang='lat' dir='ltr'>aut</span> <span class='ocrx_word' id='word_1_1404' title='bbox 1658 2468 1762 2489; x_wconf 91' lang='lat' dir='ltr'>eorum</span> <span class='ocrx_word' id='word_1_1405' title='bbox 1775 2457 1859 2489; x_wconf 89' lang='lat' dir='ltr'>alicui</span> <span class='ocrx_word' id='word_1_1406' title='bbox 1874 2459 1920 2490; x_wconf 83' lang='lat' dir='ltr'>vel</span> <span class='ocrx_word' id='word_1_1407' title='bbox 1941 2459 2096 2499; x_wconf 86' lang='lat' dir='ltr'>aliquibus,</span> <span class='ocrx_word' id='word_1_1408' title='bbox 2121 2468 2168 2492; x_wconf 87' lang='lat' dir='ltr'>aut</span> <span class='ocrx_word' id='word_1_1409' title='bbox 2182 2470 2320 2500; x_wconf 83' lang='lat' dir='ltr'>quantum</span> 
     </span>
     <span class='ocr_line' id='line_1_165' title="bbox 1251 2496 2324 2539; baseline 0.001 -9"><span class='ocrx_word' id='word_1_1410' title='bbox 1251 2500 1281 2531; x_wconf 91' lang='lat' dir='ltr'>in</span> <span class='ocrx_word' id='word_1_1411' title='bbox 1299 2500 1380 2532; x_wconf 91' lang='lat' dir='ltr'>vobis</span> <span class='ocrx_word' id='word_1_1412' title='bbox 1392 2498 1450 2536; x_wconf 84' lang='lat' dir='ltr'>cst,</span> <span class='ocrx_word' id='word_1_1413' title='bbox 1473 2499 1510 2529; x_wconf 86' lang='lat' dir='ltr'>ab</span> <span class='ocrx_word' id='word_1_1414' title='bbox 1532 2498 1590 2528; x_wconf 86' lang='lat' dir='ltr'>aliis</span> <span class='ocrx_word' id='word_1_1415' title='bbox 1615 2496 1711 2528; x_wconf 89' lang='lat' dir='ltr'>inferri</span> <span class='ocrx_word' id='word_1_1416' title='bbox 1736 2497 1929 2536; x_wconf 87' lang='lat' dir='ltr'>permittentes</span> <span class='ocrx_word' id='word_1_1417' title='bbox 1948 2497 2081 2535; x_wconf 84' lang='lat' dir='ltr'>Iniuriam</span> <span class='ocrx_word' id='word_1_1418' title='bbox 2097 2522 2108 2538; x_wconf 89' lang='lat'>,</span> <span class='ocrx_word' id='word_1_1419' title='bbox 2135 2498 2324 2539; x_wconf 81' lang='lat' dir='ltr'>Moiestiam,</span> 
     </span>
     <span class='ocr_line' id='line_1_166' title="bbox 1251 2534 2322 2577; baseline 0.001 -7"><span class='ocrx_word' id='word_1_1420' title='bbox 1251 2539 1426 2577; x_wconf 86' lang='lat' dir='ltr'>Dampnum</span> <span class='ocrx_word' id='word_1_1421' title='bbox 1443 2561 1454 2575; x_wconf 90' lang='lat'>,</span> <span class='ocrx_word' id='word_1_1422' title='bbox 1476 2535 1651 2569; x_wconf 87' lang='lat' dir='ltr'>Violentiam</span> <span class='ocrx_word' id='word_1_1423' title='bbox 1665 2558 1675 2574; x_wconf 93' lang='lat'>,</span> <span class='ocrx_word' id='word_1_1424' title='bbox 1696 2534 1942 2575; x_wconf 86' lang='lat' dir='ltr'>Impedimentum</span> <span class='ocrx_word' id='word_1_1425' title='bbox 1971 2537 2087 2577; x_wconf 86' lang='lat' dir='ltr'>aliquod</span> <span class='ocrx_word' id='word_1_1426' title='bbox 2101 2560 2112 2577; x_wconf 85' lang='lat'>,</span> <span class='ocrx_word' id='word_1_1427' title='bbox 2138 2539 2184 2570; x_wconf 81' lang='lat' dir='ltr'>seu</span> <span class='ocrx_word' id='word_1_1428' title='bbox 2208 2538 2322 2571; x_wconf 84' lang='lat' dir='ltr'>Grava·</span> 
     </span>
     <span class='ocr_line' id='line_1_167' title="bbox 1247 2587 1315 2608; baseline -0.015 0"><span class='ocrx_word' id='word_1_1429' title='bbox 1247 2587 1315 2608; x_wconf 88' lang='lat' dir='ltr'>rnen</span> 
     </span>
    </p>

    <p class='ocr_par' dir='ltr' id='par_1_26' title="bbox 1246 2600 2324 2732">
     <span class='ocr_line' id='line_1_168' title="bbox 1276 2600 2324 2654; baseline 0 -7"><span class='ocrx_word' id='word_1_1430' title='bbox 1276 2600 1345 2654; x_wconf 75' lang='lat' dir='ltr'>-Et&#39;,</span> <span class='ocrx_word' id='word_1_1431' title='bbox 1361 2615 1380 2647; x_wconf 86' lang='lat' dir='ltr'>fi</span> <span class='ocrx_word' id='word_1_1432' title='bbox 1398 2614 1465 2654; x_wconf 90' lang='lat' dir='ltr'>quid</span> <span class='ocrx_word' id='word_1_1433' title='bbox 1476 2614 1524 2647; x_wconf 88' lang='lat' dir='ltr'>Eis</span> <span class='ocrx_word' id='word_1_1434' title='bbox 1539 2621 1586 2646; x_wconf 91' lang='lat' dir='ltr'>aut</span> <span class='ocrx_word' id='word_1_1435' title='bbox 1602 2622 1704 2645; x_wconf 89' lang='lat' dir='ltr'>eorum</span> <span class='ocrx_word' id='word_1_1436' title='bbox 1718 2612 1800 2644; x_wconf 86' lang='lat' dir='ltr'>alicui</span> <span class='ocrx_word' id='word_1_1437' title='bbox 1813 2613 1860 2645; x_wconf 90' lang='lat' dir='ltr'>vel</span> <span class='ocrx_word' id='word_1_1438' title='bbox 1871 2614 2006 2654; x_wconf 84' lang='lat' dir='ltr'>aliquibus</span> <span class='ocrx_word' id='word_1_1439' title='bbox 2014 2614 2206 2647; x_wconf 68' lang='lat' dir='ltr'>Forisfa&amp;um</span> <span class='ocrx_word' id='word_1_1440' title='bbox 2220 2614 2324 2647; x_wconf 74' lang='lat' dir='ltr'>autla-</span> 
     </span>
     <span class='ocr_line' id='line_1_169' title="bbox 1246 2652 2322 2696; baseline 0.001 -10"><span class='ocrx_word' id='word_1_1441' title='bbox 1246 2656 1378 2694; x_wconf 86' lang='lat' dir='ltr'>juriatum</span> <span class='ocrx_word' id='word_1_1442' title='bbox 1394 2655 1497 2693; x_wconf 88' lang='lat' dir='ltr'>fuerit,</span> <span class='ocrx_word' id='word_1_1443' title='bbox 1514 2652 1543 2683; x_wconf 91' lang='lat' dir='ltr'>id</span> <span class='ocrx_word' id='word_1_1444' title='bbox 1558 2652 1604 2683; x_wconf 86' lang='lat' dir='ltr'>Eis</span> <span class='ocrx_word' id='word_1_1445' title='bbox 1620 2654 1653 2684; x_wconf 92' lang='lat'>&amp;</span> <span class='ocrx_word' id='word_1_1446' title='bbox 1667 2662 1768 2683; x_wconf 86' lang='lat' dir='ltr'>eorum</span> <span class='ocrx_word' id='word_1_1447' title='bbox 1783 2652 1920 2692; x_wconf 85' lang='lat' dir='ltr'>cuilibet,</span> <span class='ocrx_word' id='word_1_1448' title='bbox 1935 2653 1972 2684; x_wconf 92' lang='lat' dir='ltr'>de</span> <span class='ocrx_word' id='word_1_1449' title='bbox 1988 2663 2119 2695; x_wconf 86' lang='lat' dir='ltr'>ternpore</span> <span class='ocrx_word' id='word_1_1450' title='bbox 2140 2655 2172 2686; x_wconf 89' lang='lat' dir='ltr'>in</span> <span class='ocrx_word' id='word_1_1451' title='bbox 2190 2662 2322 2696; x_wconf 70' lang='lat' dir='ltr'>tempus‘,</span> 
     </span>
     <span class='ocr_line' id='line_1_170' title="bbox 1251 2691 2029 2732; baseline -0.003 -6"><span class='ocrx_word' id='word_1_1452' title='bbox 1251 2695 1309 2726; x_wconf 85' lang='lat' dir='ltr'>fine</span> <span class='ocrx_word' id='word_1_1453' title='bbox 1323 2694 1456 2725; x_wconf 86' lang='lat' dir='ltr'>dilatione</span> <span class='ocrx_word' id='word_1_1454' title='bbox 1467 2692 1562 2723; x_wconf 79' lang='lat' dir='ltr'>debite</span> <span class='ocrx_word' id='word_1_1455' title='bbox 1576 2693 1682 2730; x_wconf 84' lang='lat' dir='ltr'>corrigi</span> <span class='ocrx_word' id='word_1_1456' title='bbox 1697 2693 1731 2723; x_wconf 91' lang='lat'>&amp;</span> <span class='ocrx_word' id='word_1_1457' title='bbox 1746 2691 1895 2722; x_wconf 86' lang='lat' dir='ltr'>reformari</span> <span class='ocrx_word' id='word_1_1458' title='bbox 1908 2692 2029 2732; x_wconf 79' lang='lat' dir='ltr'>faciatis3</span> 
     </span>
    </p>

    <p class='ocr_par' dir='ltr' id='par_1_27' title="bbox 1252 2729 2344 3588">
     <span class='ocr_line' id='line_1_171' title="bbox 1289 2729 2325 2772; baseline -0.003 -7"><span class='ocrx_word' id='word_1_1459' title='bbox 1289 2733 1408 2765; x_wconf 85' lang='lat' dir='ltr'>Proviso</span> <span class='ocrx_word' id='word_1_1460' title='bbox 1424 2731 1534 2770; x_wconf 88' lang='lat' dir='ltr'>semper</span> <span class='ocrx_word' id='word_1_1461' title='bbox 1548 2730 1629 2771; x_wconf 79' lang='lat' dir='ltr'>quod</span> <span class='ocrx_word' id='word_1_1462' title='bbox 1643 2731 1679 2761; x_wconf 91' lang='lat' dir='ltr'>de</span> <span class='ocrx_word' id='word_1_1463' title='bbox 1694 2729 1842 2762; x_wconf 89' lang='lat' dir='ltr'>Custumis</span> <span class='ocrx_word' id='word_1_1464' title='bbox 1852 2754 1863 2768; x_wconf 91' lang='lat'>,</span> <span class='ocrx_word' id='word_1_1465' title='bbox 1880 2730 2032 2769; x_wconf 87' lang='lat' dir='ltr'>Subsidiis,</span> <span class='ocrx_word' id='word_1_1466' title='bbox 2049 2733 2084 2764; x_wconf 76' lang='grc' dir='ltr'>δε</span> <span class='ocrx_word' id='word_1_1467' title='bbox 2098 2732 2159 2762; x_wconf 86' lang='lat' dir='ltr'>aliis</span> <span class='ocrx_word' id='word_1_1468' title='bbox 2180 2732 2325 2772; x_wconf 70' lang='lat' dir='ltr'>Deveriis,</span> 
     </span>
     <span class='ocr_line' id='line_1_172' title="bbox 1252 2768 2321 2809; baseline -0.003 -5"><span class='ocrx_word' id='word_1_1469' title='bbox 1252 2772 1353 2804; x_wconf 87' lang='lat' dir='ltr'>Nobis</span> <span class='ocrx_word' id='word_1_1470' title='bbox 1367 2773 1396 2802; x_wconf 87' lang='lat' dir='ltr'>iti</span> <span class='ocrx_word' id='word_1_1471' title='bbox 1410 2771 1462 2801; x_wconf 84' lang='lat' dir='ltr'>hac</span> <span class='ocrx_word' id='word_1_1472' title='bbox 1479 2778 1558 2808; x_wconf 86' lang='lat' dir='ltr'>parte</span> <span class='ocrx_word' id='word_1_1473' title='bbox 1571 2769 1690 2807; x_wconf 84' lang='lat' dir='ltr'>debitis,</span> <span class='ocrx_word' id='word_1_1474' title='bbox 1705 2768 1742 2799; x_wconf 90' lang='lat' dir='ltr'>de</span> <span class='ocrx_word' id='word_1_1475' title='bbox 1755 2778 1887 2807; x_wconf 91' lang='lat' dir='ltr'>tempore</span> <span class='ocrx_word' id='word_1_1476' title='bbox 1901 2770 1930 2799; x_wconf 89' lang='lat' dir='ltr'>in</span> <span class='ocrx_word' id='word_1_1477' title='bbox 1948 2778 2077 2809; x_wconf 88' lang='lat' dir='ltr'>tempus,</span> <span class='ocrx_word' id='word_1_1478' title='bbox 2094 2769 2211 2809; x_wconf 89' lang='lat' dir='ltr'>Nobis,</span> <span class='ocrx_word' id='word_1_1479' title='bbox 2230 2780 2262 2802; x_wconf 86' lang='lat' dir='ltr'>ut</span> <span class='ocrx_word' id='word_1_1480' title='bbox 2271 2771 2321 2809; x_wconf 85' lang='lat' dir='ltr'>ju·</span> 
     </span>
     <span class='ocr_line' id='line_1_173' title="bbox 1254 2807 2324 2848; baseline -0.003 -5"><span class='ocrx_word' id='word_1_1481' title='bbox 1254 2811 1330 2843; x_wconf 91' lang='lat' dir='ltr'>stum</span> <span class='ocrx_word' id='word_1_1482' title='bbox 1349 2810 1408 2848; x_wconf 88' lang='lat' dir='ltr'>est,</span> <span class='ocrx_word' id='word_1_1483' title='bbox 1426 2809 1541 2840; x_wconf 85' lang='lat' dir='ltr'>fideliter</span> <span class='ocrx_word' id='word_1_1484' title='bbox 1557 2807 1771 2846; x_wconf 73' lang='lat' dir='ltr'>respondeatur,</span> <span class='ocrx_word' id='word_1_1485' title='bbox 1788 2807 1883 2846; x_wconf 72' lang='lat' dir='ltr'>aliqua</span> <span class='ocrx_word' id='word_1_1486' title='bbox 1898 2807 2024 2848; x_wconf 72' lang='lat' dir='ltr'>Marqua</span> <span class='ocrx_word' id='word_1_1487' title='bbox 2034 2831 2045 2848; x_wconf 91' lang='lat'>,</span> <span class='ocrx_word' id='word_1_1488' title='bbox 2073 2807 2324 2848; x_wconf 67' lang='lat' dir='ltr'>Contronmrqua,</span> 
     </span>
     <span class='ocr_line' id='line_1_174' title="bbox 1254 2846 2322 2889; baseline -0.003 -8"><span class='ocrx_word' id='word_1_1489' title='bbox 1254 2849 1349 2889; x_wconf 67' lang='lat' dir='ltr'>Priszi,</span> <span class='ocrx_word' id='word_1_1490' title='bbox 1366 2852 1411 2880; x_wconf 83' lang='lat' dir='ltr'>seu</span> <span class='ocrx_word' id='word_1_1491' title='bbox 1424 2846 1579 2888; x_wconf 76' lang='lat' dir='ltr'>Reprisalia</span> <span class='ocrx_word' id='word_1_1492' title='bbox 1592 2856 1791 2887; x_wconf 89' lang='lat' dir='ltr'>quacumque,</span> <span class='ocrx_word' id='word_1_1493' title='bbox 1816 2846 1956 2878; x_wconf 88' lang='lat' dir='ltr'>conceffis</span> <span class='ocrx_word' id='word_1_1494' title='bbox 1976 2847 2032 2878; x_wconf 75' lang='lat' dir='ltr'>vel:</span> <span class='ocrx_word' id='word_1_1495' title='bbox 2042 2847 2235 2878; x_wconf 81' lang='lat' dir='ltr'>concedendis</span> <span class='ocrx_word' id='word_1_1496' title='bbox 2248 2869 2259 2886; x_wconf 86' lang='lat'>,</span> <span class='ocrx_word' id='word_1_1497' title='bbox 2273 2855 2322 2878; x_wconf 74' lang='lat' dir='ltr'>aut</span> 
     </span>
     <span class='ocr_line' id='line_1_175' title="bbox 1253 2884 2323 2929; baseline -0.004 -9"><span class='ocrx_word' id='word_1_1498' title='bbox 1253 2899 1290 2920; x_wconf 92' lang='lat' dir='ltr'>eo</span> <span class='ocrx_word' id='word_1_1499' title='bbox 1303 2888 1381 2929; x_wconf 90' lang='lat' dir='ltr'>quod</span> <span class='ocrx_word' id='word_1_1500' title='bbox 1397 2887 1507 2918; x_wconf 88' lang='lat' dir='ltr'>Guerra</span> <span class='ocrx_word' id='word_1_1501' title='bbox 1519 2887 1602 2917; x_wconf 85' lang='lat' dir='ltr'>fuerit</span> <span class='ocrx_word' id='word_1_1502' title='bbox 1616 2886 1687 2916; x_wconf 91' lang='lat' dir='ltr'>inter</span> <span class='ocrx_word' id='word_1_1503' title='bbox 1698 2886 1759 2915; x_wconf 78' lang='lat' dir='ltr'>Nos</span> <span class='ocrx_word' id='word_1_1504' title='bbox 1773 2886 1807 2916; x_wconf 76' lang='grc' dir='ltr'>δε</span> <span class='ocrx_word' id='word_1_1505' title='bbox 1824 2888 1921 2924; x_wconf 83' lang='lat' dir='ltr'>Regem</span> <span class='ocrx_word' id='word_1_1506' title='bbox 1932 2888 2097 2916; x_wconf 82' lang='lat' dir='ltr'>Francorum</span> <span class='ocrx_word' id='word_1_1507' title='bbox 2110 2894 2160 2917; x_wconf 86' lang='lat' dir='ltr'>aut</span> <span class='ocrx_word' id='word_1_1508' title='bbox 2174 2886 2244 2918; x_wconf 89' lang='lat' dir='ltr'>alios</span> <span class='ocrx_word' id='word_1_1509' title='bbox 2258 2884 2323 2916; x_wconf 86' lang='lat' dir='ltr'>Re-</span> 
     </span>
     <span class='ocr_line' id='line_1_176' title="bbox 1252 2923 2326 2968; baseline -0.004 -8"><span class='ocrx_word' id='word_1_1510' title='bbox 1252 2938 1300 2968; x_wconf 85' lang='lat' dir='ltr'>ges</span> <span class='ocrx_word' id='word_1_1511' title='bbox 1314 2929 1359 2959; x_wconf 86' lang='lat' dir='ltr'>seu</span> <span class='ocrx_word' id='word_1_1512' title='bbox 1374 2927 1521 2964; x_wconf 86' lang='lat' dir='ltr'>Principes</span> <span class='ocrx_word' id='word_1_1513' title='bbox 1531 2924 1745 2963; x_wconf 83' lang='lat' dir='ltr'>quoscumque,</span> <span class='ocrx_word' id='word_1_1514' title='bbox 1762 2931 1809 2955; x_wconf 85' lang='lat' dir='ltr'>aut</span> <span class='ocrx_word' id='word_1_1515' title='bbox 1826 2933 1863 2954; x_wconf 89' lang='lat' dir='ltr'>eo</span> <span class='ocrx_word' id='word_1_1516' title='bbox 1877 2923 1956 2962; x_wconf 91' lang='lat' dir='ltr'>quod</span> <span class='ocrx_word' id='word_1_1517' title='bbox 1966 2925 2092 2964; x_wconf 83' lang='lat' dir='ltr'>expreffa</span> <span class='ocrx_word' id='word_1_1518' title='bbox 2106 2927 2216 2956; x_wconf 87' lang='lat' dir='ltr'>mentio</span> <span class='ocrx_word' id='word_1_1519' title='bbox 2226 2924 2263 2956; x_wconf 89' lang='lat' dir='ltr'>de</span> <span class='ocrx_word' id='word_1_1520' title='bbox 2272 2934 2326 2957; x_wconf 85' lang='lat' dir='ltr'>ve·</span> 
     </span>
     <span class='ocr_line' id='line_1_177' title="bbox 1253 2960 2327 3003; baseline -0.004 -4"><span class='ocrx_word' id='word_1_1521' title='bbox 1253 2978 1288 2999; x_wconf 87' lang='lat' dir='ltr'>ro</span> <span class='ocrx_word' id='word_1_1522' title='bbox 1304 2967 1407 2998; x_wconf 90' lang='lat' dir='ltr'>Valore</span> <span class='ocrx_word' id='word_1_1523' title='bbox 1421 2974 1468 2996; x_wconf 90' lang='lat' dir='ltr'>aut</span> <span class='ocrx_word' id='word_1_1524' title='bbox 1481 2963 1651 2995; x_wconf 90' lang='lat' dir='ltr'>certitudine</span> <span class='ocrx_word' id='word_1_1525' title='bbox 1662 2962 1812 2993; x_wconf 62' lang='lat' dir='ltr'>dictorum</span> <span class='ocrx_word' id='word_1_1526' title='bbox 1825 2960 1973 2993; x_wconf 89' lang='lat' dir='ltr'>Vinorum</span> <span class='ocrx_word' id='word_1_1527' title='bbox 1989 2987 1999 3002; x_wconf 90' lang='lat'>,</span> <span class='ocrx_word' id='word_1_1528' title='bbox 2017 2963 2222 3002; x_wconf 86' lang='lat' dir='ltr'>Gualdorum&#39;,</span> <span class='ocrx_word' id='word_1_1529' title='bbox 2238 2963 2327 3003; x_wconf 79' lang='lat' dir='ltr'>Salis,</span> 
     </span>
     <span class='ocr_line' id='line_1_178' title="bbox 1254 2999 2325 3044; baseline -0.005 -5"><span class='ocrx_word' id='word_1_1530' title='bbox 1254 3006 1430 3044; x_wconf 86' lang='lat' dir='ltr'>Biretorum,</span> <span class='ocrx_word' id='word_1_1531' title='bbox 1447 3002 1610 3041; x_wconf 84' lang='lat' dir='ltr'>Canavasii,</span> <span class='ocrx_word' id='word_1_1532' title='bbox 1626 3001 1777 3033; x_wconf 86' lang='lat' dir='ltr'>Bonorum</span> <span class='ocrx_word' id='word_1_1533' title='bbox 1791 3023 1802 3040; x_wconf 90' lang='lat'>,</span> <span class='ocrx_word' id='word_1_1534' title='bbox 1818 2999 2077 3042; x_wconf 78' lang='lat' dir='ltr'>Mercandisarum,</span> <span class='ocrx_word' id='word_1_1535' title='bbox 2102 3004 2136 3035; x_wconf 91' lang='lat'>&amp;</span> <span class='ocrx_word' id='word_1_1536' title='bbox 2158 3001 2325 3034; x_wconf 85' lang='lat' dir='ltr'>Mercirno-</span> 
     </span>
     <span class='ocr_line' id='line_1_179' title="bbox 1254 3039 2325 3084; baseline -0.003 -8"><span class='ocrx_word' id='word_1_1537' title='bbox 1254 3047 1388 3084; x_wconf 89' lang='lat' dir='ltr'>niorum,</span> <span class='ocrx_word' id='word_1_1538' title='bbox 1406 3053 1439 3074; x_wconf 85' lang='lat' dir='ltr'>ac</span> <span class='ocrx_word' id='word_1_1539' title='bbox 1457 3050 1625 3073; x_wconf 85' lang='lat' dir='ltr'>caeterorum</span> <span class='ocrx_word' id='word_1_1540' title='bbox 1640 3039 1874 3078; x_wconf 86' lang='lat' dir='ltr'>Praemifforum,</span> <span class='ocrx_word' id='word_1_1541' title='bbox 1891 3042 1937 3071; x_wconf 85' lang='lat' dir='ltr'>{eti</span> <span class='ocrx_word' id='word_1_1542' title='bbox 1950 3040 2068 3080; x_wconf 88' lang='lat' dir='ltr'>alicujus</span> <span class='ocrx_word' id='word_1_1543' title='bbox 2081 3051 2203 3080; x_wconf 87' lang='lat' dir='ltr'>eorum,</span> <span class='ocrx_word' id='word_1_1544' title='bbox 2219 3049 2268 3073; x_wconf 91' lang='lat' dir='ltr'>aut</span> <span class='ocrx_word' id='word_1_1545' title='bbox 2285 3041 2325 3073; x_wconf 83' lang='lat' dir='ltr'>de</span> 
     </span>
     <span class='ocr_line' id='line_1_180' title="bbox 1255 3079 2325 3120; baseline -0.003 -6"><span class='ocrx_word' id='word_1_1546' title='bbox 1255 3084 1394 3116; x_wconf 85' lang='lat' dir='ltr'>Numero</span> <span class='ocrx_word' id='word_1_1547' title='bbox 1407 3083 1441 3114; x_wconf 93' lang='lat'>&amp;</span> <span class='ocrx_word' id='word_1_1548' title='bbox 1452 3080 1636 3112; x_wconf 89' lang='lat' dir='ltr'>Nominibus</span> <span class='ocrx_word' id='word_1_1549' title='bbox 1660 3079 1813 3110; x_wconf 63' lang='lat' dir='ltr'>Factorum</span> <span class='ocrx_word' id='word_1_1550' title='bbox 1824 3103 1835 3117; x_wconf 84' lang='lat'>,</span> <span class='ocrx_word' id='word_1_1551' title='bbox 1861 3079 2093 3119; x_wconf 85' lang='lat' dir='ltr'>Deputatorum,</span> <span class='ocrx_word' id='word_1_1552' title='bbox 2110 3080 2302 3113; x_wconf 84' lang='lat' dir='ltr'>’Servientum</span> <span class='ocrx_word' id='word_1_1553' title='bbox 2311 3102 2325 3120; x_wconf 87' lang='lat'>,</span> 
     </span>
     <span class='ocr_line' id='line_1_181' title="bbox 1255 3117 2322 3162; baseline -0.003 -9"><span class='ocrx_word' id='word_1_1554' title='bbox 1255 3123 1486 3162; x_wconf 84' lang='lat' dir='ltr'>Affignatorum,</span> <span class='ocrx_word' id='word_1_1555' title='bbox 1504 3120 1537 3151; x_wconf 91' lang='lat'>&amp;</span> <span class='ocrx_word' id='word_1_1556' title='bbox 1552 3119 1771 3149; x_wconf 86' lang='lat' dir='ltr'>Attornatorum</span> <span class='ocrx_word' id='word_1_1557' title='bbox 1785 3117 2008 3157; x_wconf 65' lang='lat' dir='ltr'>praedietorum,</span> <span class='ocrx_word' id='word_1_1558' title='bbox 2026 3128 2061 3150; x_wconf 91' lang='lat' dir='ltr'>ac</span> <span class='ocrx_word' id='word_1_1559' title='bbox 2085 3118 2220 3151; x_wconf 72' lang='lat' dir='ltr'>NavIum</span> <span class='ocrx_word' id='word_1_1560' title='bbox 2267 3128 2322 3150; x_wconf 83' lang='lat' dir='ltr'>rae·</span> 
     </span>
     <span class='ocr_line' id='line_1_182' title="bbox 1253 3128 2325 3200; baseline -0.004 -7"><span class='ocrx_word' id='word_1_1561' title='bbox 1253 3162 1411 3200; x_wconf 61' lang='lat' dir='ltr'>dictarum,</span> <span class='ocrx_word' id='word_1_1562' title='bbox 1425 3161 1470 3191; x_wconf 93' lang='lat' dir='ltr'>seu</span> <span class='ocrx_word' id='word_1_1563' title='bbox 1486 3157 1759 3197; x_wconf 88' lang='lat' dir='ltr'>Proprietariorum,</span> <span class='ocrx_word' id='word_1_1564' title='bbox 1777 3155 1988 3195; x_wconf 83' lang='lat' dir='ltr'>Patronorum,</span> <span class='ocrx_word' id='word_1_1565' title='bbox 2007 3157 2234 3196; x_wconf 60' lang='lat' dir='ltr'>mgistrorum,</span> <span class='ocrx_word' id='word_1_1566' title='bbox 2246 3128 2325 3189; x_wconf 46' lang='lat' dir='ltr'>{Via-</span> 
     </span>
     <span class='ocr_line' id='line_1_183' title="bbox 1253 3195 2327 3238; baseline -0.005 -6"><span class='ocrx_word' id='word_1_1567' title='bbox 1253 3201 1439 3238; x_wconf 87' lang='lat' dir='ltr'>rinariorum,</span> <span class='ocrx_word' id='word_1_1568' title='bbox 1456 3197 1617 3229; x_wconf 88' lang='lat' dir='ltr'>Pilotorum</span> <span class='ocrx_word' id='word_1_1569' title='bbox 1628 3218 1639 3234; x_wconf 93' lang='lat'>,</span> <span class='ocrx_word' id='word_1_1570' title='bbox 1656 3196 1702 3226; x_wconf 90' lang='lat' dir='ltr'>vel</span> <span class='ocrx_word' id='word_1_1571' title='bbox 1714 3195 1895 3227; x_wconf 89' lang='lat' dir='ltr'>Servientum</span> <span class='ocrx_word' id='word_1_1572' title='bbox 1930 3196 2132 3237; x_wconf 64' lang='lat' dir='ltr'>raediewrum,</span> <span class='ocrx_word' id='word_1_1573' title='bbox 2150 3196 2196 3229; x_wconf 91' lang='lat' dir='ltr'>vel</span> <span class='ocrx_word' id='word_1_1574' title='bbox 2207 3196 2327 3228; x_wconf 89' lang='lat' dir='ltr'>dePor-</span> 
     </span>
     <span class='ocr_line' id='line_1_184' title="bbox 1255 3233 2325 3279; baseline -0.005 -9"><span class='ocrx_word' id='word_1_1575' title='bbox 1255 3241 1330 3279; x_wconf 85' lang='lat' dir='ltr'>tagio</span> <span class='ocrx_word' id='word_1_1576' title='bbox 1343 3237 1530 3274; x_wconf 87' lang='lat' dir='ltr'>eorumdem,</span> <span class='ocrx_word' id='word_1_1577' title='bbox 1545 3242 1592 3266; x_wconf 86' lang='lat' dir='ltr'>aut</span> <span class='ocrx_word' id='word_1_1578' title='bbox 1606 3234 1642 3264; x_wconf 91' lang='lat' dir='ltr'>de</span> <span class='ocrx_word' id='word_1_1579' title='bbox 1657 3234 1713 3264; x_wconf 87' lang='lat' dir='ltr'>aliis</span> <span class='ocrx_word' id='word_1_1580' title='bbox 1730 3234 1827 3266; x_wconf 76' lang='lat' dir='ltr'>Donis</span> <span class='ocrx_word' id='word_1_1581' title='bbox 1845 3235 1879 3265; x_wconf 67' lang='grc' dir='ltr'>ὃ(</span> <span class='ocrx_word' id='word_1_1582' title='bbox 1949 3233 2158 3275; x_wconf 88' lang='lat' dir='ltr'>nceffionibus,</span> <span class='ocrx_word' id='word_1_1583' title='bbox 2183 3244 2235 3274; x_wconf 86' lang='lat' dir='ltr'>per</span> <span class='ocrx_word' id='word_1_1584' title='bbox 2252 3234 2325 3265; x_wconf 86' lang='lat' dir='ltr'>Nos</span> 
     </span>
     <span class='ocr_line' id='line_1_185' title="bbox 1255 3272 2325 3314; baseline -0.007 -4"><span class='ocrx_word' id='word_1_1585' title='bbox 1255 3279 1341 3310; x_wconf 72' lang='lat' dir='ltr'>dictis</span> <span class='ocrx_word' id='word_1_1586' title='bbox 1354 3276 1478 3314; x_wconf 83' lang='lat' dir='ltr'>Thomae,</span> <span class='ocrx_word' id='word_1_1587' title='bbox 1495 3274 1610 3312; x_wconf 75' lang='lat' dir='ltr'>Alana,</span> <span class='ocrx_word' id='word_1_1588' title='bbox 1626 3275 1744 3303; x_wconf 71' lang='lat' dir='ltr'>Henrico</span> <span class='ocrx_word' id='word_1_1589' title='bbox 1753 3296 1764 3312; x_wconf 90' lang='lat'>,</span> <span class='ocrx_word' id='word_1_1590' title='bbox 1781 3274 1815 3305; x_wconf 90' lang='lat'>&amp;</span> <span class='ocrx_word' id='word_1_1591' title='bbox 1830 3276 1981 3310; x_wconf 78' lang='lat' dir='ltr'>Vincentio,</span> <span class='ocrx_word' id='word_1_1592' title='bbox 1997 3281 2045 3304; x_wconf 85' lang='lat' dir='ltr'>aut</span> <span class='ocrx_word' id='word_1_1593' title='bbox 2057 3283 2159 3306; x_wconf 82' lang='lat' dir='ltr'>eorum</span> <span class='ocrx_word' id='word_1_1594' title='bbox 2171 3274 2267 3312; x_wconf 79' lang='lat' dir='ltr'>alicui,</span> <span class='ocrx_word' id='word_1_1595' title='bbox 2277 3272 2325 3303; x_wconf 87' lang='lat' dir='ltr'>vel</span> 
     </span>
     <span class='ocr_line' id='line_1_186' title="bbox 1256 3311 2325 3355; baseline -0.007 -6"><span class='ocrx_word' id='word_1_1596' title='bbox 1256 3317 1394 3355; x_wconf 87' lang='lat' dir='ltr'>aliquibus</span> <span class='ocrx_word' id='word_1_1597' title='bbox 1407 3323 1472 3346; x_wconf 91' lang='lat' dir='ltr'>ante</span> <span class='ocrx_word' id='word_1_1598' title='bbox 1485 3315 1548 3344; x_wconf 82' lang='lat' dir='ltr'>haec</span> <span class='ocrx_word' id='word_1_1599' title='bbox 1565 3321 1695 3351; x_wconf 87' lang='lat' dir='ltr'>tempora</span> <span class='ocrx_word' id='word_1_1600' title='bbox 1715 3312 1796 3342; x_wconf 70' lang='lat' dir='ltr'>factis</span> <span class='ocrx_word' id='word_1_1601' title='bbox 1809 3335 1819 3350; x_wconf 93' lang='lat'>,</span> <span class='ocrx_word' id='word_1_1602' title='bbox 1844 3314 1875 3342; x_wconf 89' lang='lat' dir='ltr'>in</span> <span class='ocrx_word' id='word_1_1603' title='bbox 1895 3312 2083 3343; x_wconf 82' lang='lat' dir='ltr'>Praesentibus</span> <span class='ocrx_word' id='word_1_1604' title='bbox 2103 3314 2226 3344; x_wconf 74' lang='lat' dir='ltr'>minime</span> <span class='ocrx_word' id='word_1_1605' title='bbox 2248 3311 2325 3344; x_wconf 70' lang='lat' dir='ltr'>facta</span> 
     </span>
     <span class='ocr_line' id='line_1_187' title="bbox 1257 3349 2324 3394; baseline -0.007 -7"><span class='ocrx_word' id='word_1_1606' title='bbox 1257 3356 1366 3394; x_wconf 81' lang='lat' dir='ltr'>existit,</span> <span class='ocrx_word' id='word_1_1607' title='bbox 1383 3362 1430 3385; x_wconf 91' lang='lat' dir='ltr'>aut</span> <span class='ocrx_word' id='word_1_1608' title='bbox 1439 3353 1519 3384; x_wconf 67' lang='lat' dir='ltr'>dieto</span> <span class='ocrx_word' id='word_1_1609' title='bbox 1533 3351 1645 3383; x_wconf 87' lang='lat' dir='ltr'>Statuto</span> <span class='ocrx_word' id='word_1_1610' title='bbox 1659 3351 1695 3382; x_wconf 89' lang='lat' dir='ltr'>de</span> <span class='ocrx_word' id='word_1_1611' title='bbox 1708 3350 1791 3381; x_wconf 91' lang='lat' dir='ltr'>Vinis</span> <span class='ocrx_word' id='word_1_1612' title='bbox 1804 3352 1838 3382; x_wconf 93' lang='lat'>&amp;</span> <span class='ocrx_word' id='word_1_1613' title='bbox 1851 3350 1976 3381; x_wconf 86' lang='lat' dir='ltr'>Pastellis</span> <span class='ocrx_word' id='word_1_1614' title='bbox 1989 3373 1999 3390; x_wconf 89' lang='lat'>,</span> <span class='ocrx_word' id='word_1_1615' title='bbox 2018 3351 2106 3382; x_wconf 91' lang='lat' dir='ltr'>Anno</span> <span class='ocrx_word' id='word_1_1616' title='bbox 2127 3352 2242 3390; x_wconf 85' lang='lat' dir='ltr'>Qiarto</span> <span class='ocrx_word' id='word_1_1617' title='bbox 2261 3349 2324 3380; x_wconf 87' lang='lat' dir='ltr'>Re-</span> 
     </span>
     <span class='ocr_line' id='line_1_188' title="bbox 1258 3387 2325 3434; baseline -0.008 -8"><span class='ocrx_word' id='word_1_1618' title='bbox 1258 3396 1309 3434; x_wconf 89' lang='lat' dir='ltr'>gni</span> <span class='ocrx_word' id='word_1_1619' title='bbox 1321 3390 1536 3425; x_wconf 83' lang='lat' dir='ltr'>Praechariffimi</span> <span class='ocrx_word' id='word_1_1620' title='bbox 1549 3389 1636 3420; x_wconf 86' lang='lat' dir='ltr'>Patris</span> <span class='ocrx_word' id='word_1_1621' title='bbox 1648 3389 1736 3420; x_wconf 87' lang='lat' dir='ltr'>nostri</span> <span class='ocrx_word' id='word_1_1622' title='bbox 1750 3389 1847 3428; x_wconf 85' lang='lat' dir='ltr'>edito,</span> <span class='ocrx_word' id='word_1_1623' title='bbox 1862 3398 1910 3420; x_wconf 89' lang='lat' dir='ltr'>aut</span> <span class='ocrx_word' id='word_1_1624' title='bbox 1922 3390 2017 3429; x_wconf 86' lang='lat' dir='ltr'>aliquo</span> <span class='ocrx_word' id='word_1_1625' title='bbox 2030 3389 2220 3427; x_wconf 75' lang='lat' dir='ltr'>aliostatuto,</span> <span class='ocrx_word' id='word_1_1626' title='bbox 2233 3387 2325 3431; x_wconf 72' lang='lat' dir='ltr'>Astu,</span> 
     </span>
     <span class='ocr_line' id='line_1_189' title="bbox 1261 3425 2327 3470; baseline -0.006 -5"><span class='ocrx_word' id='word_1_1627' title='bbox 1261 3433 1470 3470; x_wconf 89' lang='lat' dir='ltr'>Ordinatione,</span> <span class='ocrx_word' id='word_1_1628' title='bbox 1488 3427 1648 3466; x_wconf 76' lang='lat' dir='ltr'>Mandato,</span> <span class='ocrx_word' id='word_1_1629' title='bbox 1663 3427 1892 3459; x_wconf 86' lang='lat' dir='ltr'>Proclamatione</span> <span class='ocrx_word' id='word_1_1630' title='bbox 1925 3427 2136 3466; x_wconf 71' lang='lat' dir='ltr'>Restrietione,</span> <span class='ocrx_word' id='word_1_1631' title='bbox 2159 3427 2206 3458; x_wconf 90' lang='lat' dir='ltr'>vel</span> <span class='ocrx_word' id='word_1_1632' title='bbox 2214 3425 2327 3470; x_wconf 28' lang='lat' dir='ltr'>*Proin-</span> 
     </span>
     <span class='ocr_line' id='line_1_190' title="bbox 1259 3465 2326 3511; baseline -0.011 -6"><span class='ocrx_word' id='word_1_1633' title='bbox 1259 3475 1355 3511; x_wconf 87' lang='lat' dir='ltr'>fione,</span> <span class='ocrx_word' id='word_1_1634' title='bbox 1370 3480 1417 3503; x_wconf 86' lang='lat' dir='ltr'>aut</span> <span class='ocrx_word' id='word_1_1635' title='bbox 1432 3468 1522 3509; x_wconf 73' lang='lat' dir='ltr'>aliqua</span> <span class='ocrx_word' id='word_1_1636' title='bbox 1535 3466 1586 3498; x_wconf 69' lang='lat' dir='ltr'>alia</span> <span class='ocrx_word' id='word_1_1637' title='bbox 1601 3466 1666 3504; x_wconf 91' lang='lat' dir='ltr'>Re,</span> <span class='ocrx_word' id='word_1_1638' title='bbox 1684 3465 1788 3505; x_wconf 71' lang='lat' dir='ltr'>Causa,</span> <span class='ocrx_word' id='word_1_1639' title='bbox 1805 3468 1851 3499; x_wconf 88' lang='lat' dir='ltr'>vel</span> <span class='ocrx_word' id='word_1_1640' title='bbox 1922 3467 1990 3498; x_wconf 68' lang='lat' dir='ltr'>terii</span> <span class='ocrx_word' id='word_1_1641' title='bbox 2004 3475 2196 3505; x_wconf 80' lang='lat' dir='ltr'>quacumque,</span> <span class='ocrx_word' id='word_1_1642' title='bbox 2212 3474 2242 3508; x_wconf 82' lang='lat' dir='ltr'>in</span> <span class='ocrx_word' id='word_1_1643' title='bbox 2248 3472 2326 3509; x_wconf 55' lang='grc' dir='ltr'>,τοξι-</span> 
     </span>
     <span class='ocr_line' id='line_1_191' title="bbox 1259 3502 2344 3547; baseline -0.007 -5"><span class='ocrx_word' id='word_1_1644' title='bbox 1259 3512 1376 3543; x_wconf 89' lang='lat' dir='ltr'>trarium</span> <span class='ocrx_word' id='word_1_1645' title='bbox 1390 3506 1608 3540; x_wconf 84' lang='lat' dir='ltr'>Praemifforutn</span> <span class='ocrx_word' id='word_1_1646' title='bbox 1619 3514 1667 3536; x_wconf 88' lang='lat' dir='ltr'>aut</span> <span class='ocrx_word' id='word_1_1647' title='bbox 1681 3515 1782 3537; x_wconf 87' lang='lat' dir='ltr'>eorum</span> <span class='ocrx_word' id='word_1_1648' title='bbox 1795 3506 1909 3544; x_wconf 74' lang='lat' dir='ltr'>alicujus</span> <span class='ocrx_word' id='word_1_1649' title='bbox 1924 3506 2020 3543; x_wconf 73' lang='lat' dir='ltr'>saetis,</span> <span class='ocrx_word' id='word_1_1650' title='bbox 2037 3505 2155 3543; x_wconf 85' lang='lat' dir='ltr'>habitis,</span> <span class='ocrx_word' id='word_1_1651' title='bbox 2176 3502 2324 3543; x_wconf 77' lang='lat' dir='ltr'>ordinatis,</span> <span class='ocrx_word' id='word_1_1652' title='bbox 2340 3542 2344 3547; x_wconf 89' lang='lat'><strong>.</strong></span> 
     </span>
     <span class='ocr_line' id='line_1_192' title="bbox 1259 3543 2114 3588; baseline -0.009 -7"><span class='ocrx_word' id='word_1_1653' title='bbox 1259 3551 1305 3583; x_wconf 85' lang='lat' dir='ltr'>vel</span> <span class='ocrx_word' id='word_1_1654' title='bbox 1319 3549 1435 3588; x_wconf 83' lang='lat' dir='ltr'>provisis</span> <span class='ocrx_word' id='word_1_1655' title='bbox 1444 3570 1454 3586; x_wconf 89' lang='lat'>,</span> <span class='ocrx_word' id='word_1_1656' title='bbox 1471 3554 1518 3579; x_wconf 86' lang='lat' dir='ltr'>aut</span> <span class='ocrx_word' id='word_1_1657' title='bbox 1535 3547 1567 3576; x_wconf 89' lang='lat' dir='ltr'>in</span> <span class='ocrx_word' id='word_1_1658' title='bbox 1580 3545 1709 3576; x_wconf 83' lang='lat' dir='ltr'>futurum</span> <span class='ocrx_word' id='word_1_1659' title='bbox 1721 3545 1837 3584; x_wconf 73' lang='lat' dir='ltr'>fiendis,</span> <span class='ocrx_word' id='word_1_1660' title='bbox 1852 3554 1913 3577; x_wconf 88' lang='lat' dir='ltr'>nori</span> <span class='ocrx_word' id='word_1_1661' title='bbox 1926 3543 2114 3575; x_wconf 76' lang='lat' dir='ltr'>obstantibus.</span> 
     </span>
    </p>
   </div>
   <div class='ocr_carea' id='block_1_13' title="bbox 1293 3626 2244 3822">
    <p class='ocr_par' dir='ltr' id='par_1_28' title="bbox 1293 3626 2244 3822">
     <span class='ocr_line' id='line_1_193' title="bbox 1293 3626 1518 3665; baseline -0.013 -8"><span class='ocrx_word' id='word_1_1662' title='bbox 1293 3626 1328 3657; x_wconf 82' lang='lat' dir='ltr'>In</span> <span class='ocrx_word' id='word_1_1663' title='bbox 1343 3627 1439 3665; x_wconf 85' lang='lat' dir='ltr'>cujus,</span> <span class='ocrx_word' id='word_1_1664' title='bbox 1456 3626 1518 3657; x_wconf 90' lang='lat' dir='ltr'>&amp;c.</span> 
     </span>
     <span class='ocr_line' id='line_1_194' title="bbox 1315 3697 2244 3746; baseline -0.011 -8"><span class='ocrx_word' id='word_1_1665' title='bbox 1315 3705 1405 3739; x_wconf 82' lang='lat' dir='ltr'>Teste</span> <span class='ocrx_word' id='word_1_1666' title='bbox 1423 3705 1506 3746; x_wconf 78' lang='lat' dir='ltr'>Rege</span> <span class='ocrx_word' id='word_1_1667' title='bbox 1523 3703 1598 3745; x_wconf 79' lang='lat' dir='ltr'>apud</span> <span class='ocrx_word' id='word_1_1668' title='bbox 1617 3702 1889 3745; x_wconf 63' lang='lat' dir='ltr'>Wstmonasterimm</span> <span class='ocrx_word' id='word_1_1669' title='bbox 1907 3699 2023 3739; x_wconf 79' lang='lat' dir='ltr'>Qinto</span> <span class='ocrx_word' id='word_1_1670' title='bbox 2037 3697 2095 3730; x_wconf 89' lang='lat' dir='ltr'>Die</span> <span class='ocrx_word' id='word_1_1671' title='bbox 2111 3698 2244 3740; x_wconf 74' lang='lat' dir='ltr'>Augusti„</span> 
     </span>
     <span class='ocr_line' id='line_1_195' title="bbox 1893 3779 2168 3822; baseline -0.004 -8"><span class='ocrx_word' id='word_1_1672' title='bbox 1893 3781 1949 3814; x_wconf 73' lang='lat' dir='ltr'>Per</span> <span class='ocrx_word' id='word_1_1673' title='bbox 1961 3779 2045 3820; x_wconf 73' lang='lat' dir='ltr'>ipst&#39;m</span> <span class='ocrx_word' id='word_1_1674' title='bbox 2060 3782 2168 3822; x_wconf 55' lang='lat' dir='ltr'>Regem,</span> 
     </span>
    </p>
   </div>
  </div>
 </body>
</html>
