2542 4274
814 143 926 186 ET
1008 143 1320 199 ACTA>

1377 143 1853 197 PUBLICAJ
2354 168 2436 205 129

110 229 189 263 Ami.
199 227 241 260 D.
262 225 370 265 lei-ent,
386 226 488 265 absque
507 225 661 264 compoto
680 226 848 261 Ratiocinio
872 238 920 261 aut
941 230 993 262 alia
1015 229 1064 261 Re
1079 231 1178 262 Nobis
1197 228 1329 260 Haeredi·
1365 233 1399 264 ὃς
1417 243 1486 265 acce
1507 243 1538 266 to
1563 236 1684 268 fecimus
1706 239 1824 278 praefato
1845 239 2028 273 {ilustris-fimo
2058 239 2131 272 Das,-
2158 241 2368 273 Liberitionern
2392 242 2424 271 ες
2451 232 2542 266 Αιιη.4

131 269 214 307 1566.

111 307 128 333 8
149 308 218 335 eliz..

111 349 171 382 Rrg.

105 1274 125 1294 θ
151 1275 218 1302 XV.

135 1314 203 1350 656,

141 4004 237 4030 ⁸XV.

161 4045 229 4077 ⁶57„

262 267 314 296 bus
336 266 378 296 vel
395 265 608 296 Successoribus
632 267 733 297 nostris
758 278 789 298 ea
812 278 928 306 propter
943 269 1085 300 reddendo
1107 270 1161 300 sive
1176 267 1320 305 faciendo,

260 305 395 342 quodque
410 304 540 341 praefarus
558 309 687 335 Dominus
702 306 811 345 Lumley
830 307 1000 338 Executores
1021 308 1268 338 Administratores
1284 307 1318 337 &

261 342 396 381 Ailignati
418 341 457 371 sui
474 344 507 373 &
525 353 625 373 eorum
647 345 765 382 quilibet
783 367 792 382 ‚
821 345 951 375 Nomine
976 345 1074 376 nostro
1101 345 1261 377 Haeredum
1284 346 1318 375 ὃς

261 380 463 422 δυεεεῖἷοτυτη
481 380 644 411 nostrorum
667 383 721 412 live
737 393 837 413 eorum
858 384 988 422 alicujus,
1005 386 1103 415 omnia
1122 385 1154 415 &
1170 384 1320 414 omnimo-

260 418 456 461 disseneeicia
479 419 630 455 privilegia
649 421 681 450 δε
703 420 872 451 Commoda
887 444 896 459 ‚
925 431 982 451 tam
1007 422 1104 453 Nobis
1128 421 1320 460 competentia

261 459 398 493 quinimo
416 457 500 495 quain
521 458 689 488 Haeiedibus
709 461 741 490 &
761 459 974 490 Successoribus
994 460 1094 491 nostris
1108 484 1118 498 ,
1137 471 1171 491 ex
1199 462 1239 490 Le
1261 460 1320 489 ibus

261 495 377 525 Statutis
394 494 652 527 Consuetudinibus
667 497 866 535 Prierogativis
879 499 950 528 infra
968 498 1024 528 hoc
1044 499 1176 536 Regnum
1194 468 1319 528 nogrum

261 534 392 572 Angiiae,
412 535 496 571 quam
516 545 549 566 ez<
567 536 704 565 omnibus
718 536 776 565 aliis
796 535 921 573 Legibus
940 537 995 567 live
1012 537 1109 567 Modis
1121 538 1242 568 aliorum
1259 536 1321 566 Lo-

260 581 364 602 corum
383 582 632 611 quorumcumque
650 595 658 610 ‚
686 583 737 609 pro
758 573 943 611 Expeditione
963 576 995 604 δε
1021 576 1159 614 legittima
1187 575 1319 610 Recupe-

259 612 366 640 ratione
385 612 418 642 ὃς
436 610 591 642 Εκείῒίοηε
613 610 741 648 praedicti
765 611 865 643 Debiti
892 614 923 644 δε
942 613 1072 643 Summae
1106 613 1238 643 duodecim
1257 611 1318 641 mil-

257 646 325 678 lium
352 656 535 679 trecentarum
563 648 601 683 (θ’
626 653 821 689 quinquaginta
846 652 994 681 Librarum
1024 662 1056 681 ac
1080 652 1227 687 cujussibet
1258 651 1316 687 ejus

258 685 365 724 Partis,
385 689 519 718 haberent
538 696 679 718 uterentur
704 699 737 719 ac
760 690 861 719 habere
884 691 917 721 &
942 699 983 720 uti
1006 690 1117 728 possent
1137 691 1169 721 ὃς
1195 689 1319 719 valerent

258 725 424 758 huiusmodi
434 726 531 756 .mod0
548 727 580 756 &
601 726 718 764 forma,
742 737 774 756 ac
801 729 830 756 in
854 737 912 758 tam
930 727 1027 765 amplo
1047 728 1138 758 modo
1167 728 1200 758 ad
1219 736 1319 757 omnes

258 763 394 801 efl-eetiis,
414 772 495 803 prout
512 764 595 802 Nos,
616 774 668 802 pro
688 764 918 802 Recuperatione
939 766 1062 796 e‘usdem
1084 767 1118 797 ad
1140 766 1236 796 Usum
1253 775 1320 795 nos-

258 801 348 833 strum
366 802 459 832 facere
482 810 527 832 aut
549 805 587 832 uti
608 803 768 840 possemus,
795 804 812 833 si
831 803 929 833 eadem
949 776 1113 842 indentura,
1134 804 1167 834 &
1192 803 1319 833 Conces-

257 841 347 871 siones
368 841 397 870 in
412 840 511 871 eadem
528 840 695 878 specificatae
714 841 817 872 habitae
837 842 891 872 sive
909 843 991 873 factae
1009 853 1068 873 non
1088 842 1218 880 fuiffent,
1237 850 1320 880 prout

255 888 305 917 per
324 879 489 916 praedictam
510 878 710 915 indenturam,
730 881 801 909 inter
818 880 886 918 alia,
906 881 1014 918 plenius
1032 889 1152 917 apparet.

293 917 431 954 Cumque
452 915 564 954 postea,
590 927 623 947 ac
643 918 744 947 virtute
769 918 926 948 Indenturae
950 919 1109 957 praeditjtae,
1137 919 1169 948 &
1189 917 1319 948 Conces-

253 955 367 986 fionum
390 954 549 986 nostrarum
572 957 601 985 in
620 955 719 985 eadem
739 956 960 994 specificatarum
976 979 985 994 ,
1008 957 1135 994 praefatus
1153 956 1320 987 P-raenobilis

254 996 386 1023 Dominus
404 993 534 1033 Lumley,
550 1003 648 1023 coram
668 997 767 1030 Rogero
783 996 887 1024 Parker
903 995 1091 1033 Registratore
1113 994 1212 1025 Curiae
1234 994 1318 1024 Prin-

255 1032 350 1069 cipalis
374 1032 576 1062 Admiralitatis
597 1033 727 1071 Angliae,
752 1035 784 1064 &
810 1033 935 1064 Notario
960 1034 1084 1065 Publico
1103 1034 1317 1071 acceptante&

254 1072 425 1111 recipiente,
444 1081 495 1107 pro
509 1071 646 1102 omnibus
667 1071 834 1101 Abientibus
850 1081 971 1109 quorum
988 1072 1098 1103 interest
1116 1081 1163 1102 aut
1182 1071 1319 1108 imposte-

253 1110 318 1139 rum
341 1109 468 1139 intercise
490 1111 611 1147 poterit,
630 1119 688 1138 non
709 1109 746 1139 Vi
764 1110 845 1140 Dolo
863 1109 948 1140 Metu
971 1111 1015 1141 seu
1034 1110 1140 1141 Fraude
1164 1110 1318 1147 deceptus,

252 1157 299 1177 aut
322 1148 377 1179 ulla
397 1147 501 1178 sinistra
529 1147 746 1178 Michinatione
767 1150 978 1178 circumventus
992 1171 1001 1185 ,
1027 1149 1072 1178 sed
1093 1149 1166 1186 Juris
1184 1150 1217 1179 ὃς
1239 1147 1319 1178 Facti

254 1196 360 1225 certus,
378 1188 462 1216 omni
476 1187 588 1216 meliori
604 1186 693 1217 modo
709 1188 741 1218 ὃς
757 1186 851 1217 formai
860 1187 960 1224 quibus
976 1189 1067 1223 potuit
1082 1190 1115 1219 ὅ(
1136 1186 1242 1223 potest,
1260 1194 1320 1216 tam

253 1225 390 1255 Nomine
411 1225 459 1255 suo
482 1227 618 1264 proprio,
636 1225 667 1255 &
691 1225 826 1255 Nomine
853 1225 1047 1255 Procuratoris
1066 1229 1094 1255 in
1118 1224 1198 1254 Rern
1222 1226 1297 1254 {uam
1312 1247 1321 1261 ,

254 1265 339 1303 quam
355 1263 492 1293 Nomine
511 1262 610 1292 nostro
645 1263 662 1282 ²*
685 1264 798 1300 publice
816 1262 958 1293 confelsus
977 1264 1060 1294 fuerit
1080 1265 1112 1293 ὅτ.
1140 1272 1318 1301 recognove-

255 1303 290 1332 rit
309 1302 375 1339 fibi,
391 1311 440 1338 per
460 1302 573 1332 distum
593 1286 811 1332 Ilfustriffirnum
835 1305 937 1331 Ducem
962 1302 1082 1341 Casinum
1099 1302 1245 1330 Secundam
1257 1324 1266 1338 ,
1280 1301 1320 1330 sa-

255 1341 401 1372 tisfactum
418 1339 474 1370 effe
495 1340 530 1370 de
551 1341 670 1370 Summa
689 1339 761 1369 mille
786 1347 968 1369 trecentarum
992 1343 1192 1381 quinquaginta
1216 1341 1320 1369 Libra-

257 1390 317 1410 rum
339 1381 369 1408 in
399 1378 511 1416 plenam
537 1378 718 1409 Solutionem
752 1379 785 1409 &
821 1379 1034 1409 Liberationem
1064 1380 1146 1409 totius
1177 1378 1321 1415 praeditstae

256 1418 387 1449 Summae
407 1417 526 1447 undecim
541 1417 652 1446 millium⁴
670 1419 855 1446 Ducentarum
872 1421 935 1456 quin
955 1420 1067 1454 uaginta
1083 1417 1234 1447 Librarum
1257 1420 1322 1445 An·

254 1456 423 1495 glicanarum
436 1480 444 1493 ,
462 1465 494 1485 ex
514 1455 590 1485 dieta
604 1456 694 1493 prima
715 1455 898 1494 Obligatione
951 1456 1125 1485 onventione
1141 1455 1301 1485 debitarum
1312 1477 1322 1491 ,

281 1495 431 1534 'Cumque
447 1503 577 1531 praeterea
588 1516 597 1532 ,
612 1493 742 1531 praefatus
753 1492 918 1531 Praepotens
926 1498 1057 1524 Dominus
1065 1493 1195 1531 Lumley,
1214 1492 1323 1523 Nomi-

258 1534 343 1564 nibus
352 1533 499 1563 Forma&
512 1532 661 1563 praesentiis
678 1533 779 1569 quibus
800 1533 878 1569 supra
888 1532 982 1570 ,dicio
989 1532 1115 1562 Notario
1122 1542 1175 1569 pro
1188 1532 1324 1562 omnibus

279 1582 381 1602 uorum
398 1570 511 1602 interest
521 1580 567 1601 aut
577 1571 703 1601 interesle
713 1571 816 1608 poterit
830 1572 985 1608 acceptanti
994 1571 1026 1600 ὃς
1034 1570 1198 1608 recipienti,
1209 1570 1322 1599 confes-

270 1621 301 1642 us
309 1610 434 1648 fuerit,se
449 1609 582 1647 recepisse
591 1609 714 1639 habuisse
729 1619 743 1638 a
761 1609 844 1639 dictis
859 1608 1020 1645 magnificis
1029 1608 1103 1638 Viris
1110 1610 1195 1638 Duico
1204 1607 1323 1647 PrestIon

257 1657 329 1679 tunc
342 1648 486 1685 Consule,
496 1651 635 1677 Dannano
647 1648 719 1684 Doffi
728 1646 878 1685 ,Johanne
894 1647 1020 1684 Baptista
1037 1649 1233 1684 Fortini,tunc
1243 1647 1324 1676 Con-

259 1688 354 1718 silarii's
363 1687 398 1718 N
400 1688 499 1717 ationis
513 1686 536 1715 F
537 1686 686 1723 lorentini,
698 1684 820 1714 Londini
835 1684 998 1721 degentibus
1008 1684 1056 1719 ,δε
1069 1684 1184 1713 Roberto
1200 1684 1328 1721 Ridolphe

260 1726 430 1756 Florentino
438 1747 448 1762 ‚
459 1722 669 1754 Commiffariis
680 1722 912 1752 Procuratoribus
921 1721 1170 1760 Mandatariis,seu
1180 1724 1208 1752 in
1217 1732 1249 1752 ea
1265 1732 1327 1760 par-

261 1771 291 1793 te
309 1763 512 1798 Negotiorum
535 1760 707 1791 Gestoribus
724 1760 794 1789 dieti
815 1759 937 1790 Domini
955 1763 1059 1799 Ducis,
1076 1770 1126 1798 per
1145 1760 1252 1791 Manus
1275 1764 1327 1790 Ro-

259 1801 334 1831 herti
347 1799 479 1838 Redvlphe
497 1800 527 1828 in
552 1799 679 1829 Pecunia
697 1807 844 1828 numerata
858 1821 868 1836 ‚
887 1798 1041 1829 Summam
1094 1802 1191 1840 uinque
1214 1799 1327 1829 millium

259 1839 299 1874 όν
317 1845 526 1880 quingentarum
549 1836 698 1866 Librarum
717 1835 832 1875 ejul‘leni
854 1840 980 1866 Monetae
1002 1840 1132 1875 Angiae,
1158 1839 1186 1868 in
1212 1837 1327 1870 Partem

260 1878 419 1908 Solutionis
434 1875 552 1905 undecim
577 1874 691 1905 millium
712 1877 862 1905 Librarum
884 1875 1071 1914 Reliquarum
1091 1885 1125 1906 ac
1141 1875 1327 1907 Residuarum

262 1926 297 1946 ex
316 1915 452 1954 praediffiia
472 1914 592 1946 Summa
603 1913 751 1954 fixaginta
766 1913 880 1943 millium
895 1916 1063 1944 Ducatorum
1078 1914 1268 1946 efficientium
1285 1915 1328 1945 di-

262 1955 341 1985 &am
360 1954 514 1984 Summam
530 1955 677 1992 quindecim
700 1951 815 1981 millium
835 1951 1002 1991 Librarum,
1019 1953 1053 1984 &
1073 1954 1102 1983 in
1118 1953 1231 1991 plenam
1245 1953 1328 1984 Solu-

263 1995 374 2023 tionem
398 1992 430 2023 δε
445 1991 674 2023 satisfietionem
699 1990 834 2021 undecim
857 2000 1012 2022 annuarum
1027 1990 1212 2022 Solutionum
1226 1992 1329 2029 praedi-

263 2031 424 2069 dietarum,
442 2032 537 2068 primo
555 2029 613 2060 Die
634 2028 742 2060 Mensis
757 2029 844 2068 Julii,
860 2029 940 2061 disto
961 2030 1050 2061 Anno
1073 2030 1200 2061 Domini
1216 2028 1329 2061 millesi-

266 2080 319 2101 mo
336 2069 559 2109 quingentesimo
575 2068 743 2108 sexagesimo
765 2077 865 2106 quarto
887 2068 1040 2106 inclusive,
1057 2079 1092 2099 ex
1117 2069 1191 2100 dicta
1209 2069 1331 2101 secunda

266 2108 458 2146 Obligatione
471 2107 628 2138 debitarum
650 2105 827 2138 decursarum
849 2106 894 2138 seu
911 2108 1128 2146 praeteritarum,
1145 2118 1198 2146 pro
1214 2118 1331 2146 quarum

265 2148 384 2185 quidem
404 2147 591 2177 Summarum
611 2145 827 2183 praedietarum,
854 2144 937 2177 simul
963 2146 1150 2177 efficientium
1179 2146 1331 2177 Summam

259 2186 315 2226 fix
337 2185 450 2216 millium
479 2186 691 2222 offingentarum
712 2187 909 2226 quinquaginta
932 2184 1083 2215 Librarum
1112 2185 1332 2224 Anglttanarum

267 2225 419 2256 Solutione
434 2224 465 2254 &
484 2221 681 2264 Receptione,
699 2231 730 2253 ut
750 2223 929 2261 praedicitur,
945 2223 1081 2256 fatebatur
1099 2226 1176 2264 quod
1200 2227 1333 2254 Dominus

270 2263 405 2303 Lumley,
425 2262 606 2295 Nominibus
629 2263 663 2294 &
685 2261 845 2293 Praesentiis
867 2264 967 2301 quibus
985 2263 1080 2304 supra,
1100 2264 1149 2295 {ibi
1171 2265 1278 2302 integre
1293 2264 1332 2302 sa-

267 2301 413 2332 risi-ictum
429 2302 462 2332 &
483 2301 672 2340 persolutum,
690 2309 748 2332 tam
764 2310 816 2339 pro
838 2302 976 2333 omnibus
990 2302 1120 2333 Pecuniis
1138 2303 1171 2333 ὃ(
1187 2302 1330 2333 Denario-

267 2351 332 2371 rum
348 2341 473 2370 Summis
501 2340 533 2370 &
551 2340 647 2371 Paffls
664 2340 694 2372 in
717 2341 812 2377 primo
838 2339 1050 2372 Conventionis
1076 2340 1269 2372 Instrumento
1287 2341 1331 2371 seu

268 2379 458 2416 obligatione
473 2402 483 2415 ,
509 2378 587 2416 quod
609 2388 664 2416 pro
692 2378 781 2409 Caffo
804 2379 883 2409 irrito
904 2379 938 2409 δε
966 2380 1044 2410 nullo
1065 2379 1165 2411 habere
1185 2380 1274 2410 voluit
1295 2379 1330 2410 ad

266 2427 368 2449 omnes
391 2417 424 2448 &
446 2417 569 2456 singulos
590 2416 725 2455 effectus,
751 2426 800 2455 per
824 2417 927 2448 realem
945 2417 1148 2449 Traditionem
1170 2416 1331 2456 supradietis

265 2455 426 2494 magnificis
449 2454 588 2485 Dominis
610 2455 845 2486 procuratoribus
862 2456 908 2486 seu
937 2455 1135 2495 Negotiorum
1161 2456 1331 2487 Gestonbus

264 2494 422 2532 Originalis
445 2491 629 2523 instrumenti
651 2493 780 2530 praedicti
839 2494 869 2524 in
893 2494 1040 2525 Praesentia
1071 2495 1189 2525 Notarii
1218 2496 1331 2525 Publici

264 2533 414 2572 praedicti,
436 2532 524 2570 qu‘am
541 2539 594 2570 pro
617 2532 755 2563 omnibus
784 2516 975 2563 13ecuniaium
998 2533 1192 2564 Solutionibus
1215 2534 1247 2564 ὃς
1270 2535 1330 2564 De-

269 2572 414 2601 nariorum
429 2571 557 2601 Summis
574 2571 742 2608 annuatim,
760 2569 846 2608 usque
859 2570 893 2601 ad
907 2571 1018 2601 dictum
1037 2574 1162 2610 primum
1180 2571 1269 2603 Diem
1280 2573 1331 2611 Ju-

264 2609 313 2649 lii,
343 2609 424 2639 dicto
454 2609 543 2638 Anno
575 2608 702 2639 Domini
723 2608 875 2639 millesimo
907 2610 1134 2649 quingentesimo
1163 2609 1330 2650 sexagelimo

264 2655 366 2686 quarto
382 2646 533 2684 inclusive,
549 2655 583 2676 ex
602 2645 721 2677 secunda
739 2646 943 2679 Conventione
961 2648 1096 2686 praediCta
1114 2649 1229 2687 debitis,

302 2685 439 2723 Cumque
452 2684 489 2715 de
502 2683 577 2715 dieta
597 2684 717 2715 Summa
725 2683 780 2724 fix
798 2685 909 2715 millium
924 2687 1137 2726 octingentarum
1152 2690 1333 2729 quinquagin-

266 2731 298 2754 ta
313 2724 465 2755 Librarum
486 2722 707 2761 Anglicanarum
723 2745 732 2761 ‚
758 2732 792 2753 ac
812 2723 849 2753 de
872 2725 1006 2761 praedioa
1028 2727 1120 2764 prima
1140 2727 1330 2764 Obligatione

264 2762 487 2800 Conventione,
512 2764 546 2793 &
570 2761 663 2792 Paetis
689 2762 789 2799 quibus
816 2761 895 2798 supra
916 2763 946 2792 in
967 2763 1066 2794 eadem
1085 2766 1225 2795 contentis
1240 2787 1250 2803 ,
1275 2775 1330 2796 nec

264 2811 325 2832 non
340 2803 375 2832 de
390 2801 529 2831 omnibus
542 2800 575 2830 &
591 2799 703 2836 singulis
718 2799 913 2830 Solutionibus
931 2801 964 2831 &
980 2801 1171 2833 Denariorum
1190 2803 1329 2842 Summis,

264 2850 300 2870 ex
318 2840 394 2870 diota
411 2840 530 2869 secunda
550 2838 734 2877 obligatione
757 2838 813 2868 sive
835 2840 1047 2878 conventione,
1065 2841 1151 2879 usque
1167 2841 1201 2872 ad
1216 2842 1329 2872 dietum

263 2880 391 2917 primum
408 2877 496 2919 Diem
511 2876 597 2916 julii,
619 2877 702 2908 dicto
725 2877 813 2919 Anno
835 2876 961 2907 Domini
990 2879 1151 2910 millesimo·
1161 2880 1328 2919 quingente-

262 2916 335 2947 fimo
352 2916 524 2953 sexagehmo
538 2923 636 2954 quarto
653 2915 805 2953 inclusive,
819 2915 923 2947 debitis
936 2926 969 2946 ac
987 2918 1146 2956 praeteritis,
1165 2916 1241 2948 idem
1250 2918 1328 2949 Prae-

261 2964 361 2994 potens
378 2958 513 2985 Dominus
535 2954 667 2994 Lumley,
692 2955 856 2984 nominibus
886 2955 986 2992 quibus
1012 2955 1109 2994 supra,
1130 2955 1261 2994 praefatos
1277 2967 1326 2987 ex-

262 2993 492 3024 cellen‘tiffimum
520 2992 690 3023 Dominum
720 2990 838 3031 Cosmum
867 2993 986 3022 Medices
1000 3015 1010 3031 ,
1045 2994 1327 3033 Locumtenenrem‚

263 3031 462 3069 Consiliarios,
477 3030 644 3070 Collegium
659 3031 837 3070 quadi-aginta
852 3031 922 3061 octo
938 3031 1089 3071 Virorum,
1104 3033 1328 3070 Rempublicam

264 3070 458 3101 Florentinam
468 3091 477 3106 ,
495 3068 670 3108 Civitatem,
685 3069 815 3108 Statum,
835 3071 867 3101 &
885 3070 1021 3109 quossibet
1040 3081 1140 3102 eorum
1161 3071 1242 3103 Bona
1257 3082 1328 3109 prae-

265 3110 350 3139 sentia
369 3109 402 3139 &
424 3107 530 3145 futura,
551 3118 599 3146 per
831 3108 1051 3146 stipulationem
1076 3111 1109 3141 ὅτ.
1125 3110 1329 3148 Acceptilatio-

265 3157 336 3177 nem
356 3146 568 3184 subsequentem
584 3170 594 3184 ,
613 3156 728 3176 necnon
751 3149 832 3177 omni
852 3147 963 3178 meliori
983 3148 1072 3178 modo
1088 3158 1147 3186 quo
1171 3151 1263 3188 potuit
1281 3158 1328 3180 aut

264 3184 353 3222 possit
367 3207 376 3222 ,
399 3185 527 3214 liberavit
549 3184 696 3215 absolverit
720 3187 753 3216 &
773 3186 984 3224 acquietaverit‚
1005 3195 1088 3225 prout
1114 3197 1149 3217 ex
1171 3188 1230 3224 ejus
1254 3198 1329 3219 certa

262 3223 386 3270 Scientia
401 3224 434 3254 &
457 3223 566 3253 Animo
585 3222 736 3254 deliberato
758 3223 885 3255 liberavit
907 3224 1013 3256 remisit
1035 3227 1068 3257 ὃ(
1090 3224 1208 3256 absolvit
1224 3227 1329 3264 imper-

286 3271 399 3293 eruum:

264 3272 285 3301 p
301 3301 412 3331 Virtute
423 3299 544 3339 ejusdem
559 3299 745 3331 Instrumenti
759 3299 843 3331 Didti
861 3300 972 3331 Domini
988 3300 1101 3343 Lumley
1125 3301 1196 3333 Dati
1210 3302 1329 3334 decimo

263 3339 384 3370 OCtavo
406 3338 464 3368 Die
487 3338 625 3369 Octobris
640 3362 649 3377 ,
670 3339 759 3370 Anno
780 3338 906 3370 Domini
928 3340 1080 3371 millesimo
1103 3342 1328 3381 quingentesimo

266 3378 435 3416 sexagesimo
458 3385 577 3416 quarto,
594 3377 627 3408 ὃς
647 3377 734 3409 Anno
754 3377 852 3415 Regni
878 3377 965 3408 nostri
986 3379 1078 3416 seiito,
1097 3390 1144 3417 per
1161 3380 1239 3418 quod
1265 3382 1329 3419 qui-

266 3417 334 3447 dem
352 3415 575 3445 Instrumentum
594 3416 669 3446 clare
684 3424 798 3454 apparet
821 3416 902 3454 quod
922 3426 1048 3448 remanet
1067 3418 1221 3449 insolutum
1235 3418 1270 3449 de
1286 3419 1330 3449 di-

265 3455 319 3485 ctis
336 3454 480 3495 quindecim
499 3453 569 3483 mille
592 3453 704 3494 Libris,
723 3453 803 3486 dieto
828 3463 958 3495 tempore
986 3455 1178 3487 confectionis
1202 3457 1328 3494 ejuidem

264 3493 463 3530 Instrumenti,
489 3499 598 3522 tantum
629 3492 746 3523 Summa
769 3496 886 3534 quinque
905 3492 1018 3525 millium
1040 3498 1247 3534 quingentarum
1276 3500 1329 3526 Li-

264 3532 394 3569 brarum,
412 3538 495 3568 prout
511 3539 544 3559 ex
566 3529 670 3560 eodem
684 3529 881 3563 instrumento
899 3532 987 3572 magis
1009 3533 1082 3564 clare
1100 3533 1227 3563 constare
1246 3544 1329 3573 pote-

266 3572 322 3608 rit,
339 3579 402 3609 quae
417 3569 532 3607 quidem
549 3568 670 3599 Summa
687 3572 804 3609 quinque
824 3568 936 3600 millium
950 3572 1156 3610 quingentarum
1179 3571 1329 3603 Librarum

267 3609 337 3640 solvi
351 3609 434 3638 debet
456 3606 565 3638 Diebus
585 3608 614 3636 in
634 3607 766 3644 praedieta
786 3607 908 3639 secunda
924 3608 1109 3648 Obligatione
1131 3611 1165 3642 ὅ(
1190 3609 1331 3642 Conven-

271 3648 351 3678 t10ne
369 3647 508 3677 contentis
526 3646 558 3676 δε
571 3646 705 3676 recitatis:

306 3686 406 3715 Sciatis
425 3684 503 3722 quod
528 3683 595 3714 Nos
609 3707 617 3721 ‚
635 3683 775 3721 praemiffa
793 3694 842 3722 per
863 3682 1015 3722 praefatum
1041 3688 1188 3716 Dominum
1215 3687 1330 3728 Lumley

267 3723 468 3762 intelligentes,
487 3731 520 3753 ac
536 3723 568 3751 ad
583 3722 721 3752 'numilem
739 3722 910 3753 Petitionem
933 3723 1057 3761 ejusdem
1076 3727 1185 3756 Domini
1199 3725 1329 3765 Lumley,

267 3761 478 3792 Liberationem
501 3761 667 3800 ampliorem
688 3760 888 3800 praedictarum
916 3761 1098 3799 separatarum
1127 3762 1328 3802 Solutionum,

269 3798 360 3829 modo
385 3799 418 3828 &
438 3799 532 3829 forma
552 3798 687 3837 praediCta
712 3800 946 3836 praerecitatarum
963 3822 973 3837 ,
987 3800 1127 3831 finitarum
1143 3824 1152 3839 ‚
1176 3802 1209 3833 &
1231 3812 1331 3833 earun-

269 3838 336 3868 dem
360 3836 505 3874 cujussibet
521 3860 530 3875 ,
550 3838 666 3875 praesato
692 3836 876 3868 Illustriffimo
900 3840 972 3867 Duci
999 3837 1092 3869 facere
1118 3840 1244 3869 volentes
1258 3863 1268 3878 ,
1288 3841 1331 3871 di-

270 3875 406 3912 versisque
429 3874 486 3904 aliis
502 3885 534 3905 ex
556 3875 650 3906 Cauiis
674 3875 707 3906 &
726 3875 1008 3906 Considerationibus
1031 3886 1083 3907 nos
1105 3879 1248 3918 praecipue
1267 3888 1331 3909 mo-

271 3914 402 3945 ventibus
409 3934 418 3949 ,
437 3911 472 3941 de
495 3913 595 3945 Gratia
617 3913 710 3944 nostra
733 3914 860 3952 speciali,
877 3923 910 3943 ac
931 3923 965 3944 ex
983 3922 1059 3945 certa
1080 3914 1203 3946 Scientia
1222 3918 1255 3948 &
1273 3927 1333 3947 me-

270 3963 304 3982 ro
329 3950 418 3981 Motu
441 3949 557 3987 nostru,
574 3952 770 3984 ratificavimus
796 3952 1045 3982 corroboravimus
1075 3957 1197 3992 accepto
1217 3953 1333 3986 tulimus

271 3992 304 4022 ὅτ
325 3987 572 4026 confirmavimus,
597 4001 630 4021 ac
649 4001 698 4029 per
722 3990 874 4021 Praesentes
890 4013 899 4028 ,
925 3999 978 4027 pro
997 3989 1096 4021 Nobis
1124 3992 1141 4010 *⁸
1162 3991 1334 4024 Haeredibus

270 4024 679 4097 &TSucceVssprilbuslbiostriQ
696 4029 862 4061 ratificamus
884 4029 1103 4061 corroboramus
1124 4029 1336 4063 confirmamus

338 4076 387 4095 om.
453 4088 458 4093 .
505 4088 512 4094 .
572 4087 578 4093 0

1367 271 1487 309 Accepti
1500 276 1624 305 ationem
1648 277 1805 316 praedistas,
1823 278 1893 309 dieti
1912 282 2022 310 Domini
2043 280 2179 319 Lumley,
2206 291 2258 320 pro
2284 280 2422 318 predicto

2470 272 2542 313 1566

1364 308 1477 353 Debito
1492 322 1525 342 ac
1545 313 1665 356 Summa
1685 314 1756 344 mille
1778 324 1959 346 trecentarum
1975 322 2170 359 quinquaginta
2192 319 2335 349 Libiurum
2351 341 2359 355 ,
2386 317 2421 347 de
2449 313 2463 338 3
2481 314 2542 341 El&-

1364 350 1465 385 quibus
1483 354 1613 387 prietatus
1640 355 1768 382 Dominus
1789 355 1901 394 Lumley
1917 377 1926 392 ,
1951 357 2014 393 post
2044 358 2188 396 praedictas
2211 357 2419 389 Conceisiiines
2446 355 2503 387 Rug,

1363 387 1469 431 nostras
1485 389 1512 418 ei
1532 399 1580 426 per
1603 389 1686 428 Nos,
1705 401 1753 429 per
1780 391 1959 423 liidenturaui
1982 394 2104 425 nostram
2129 396 2310 433 pireneum,
2327 404 2356 425 ut
2376 394 2421 425 su*

1362 425 1519 461 pradictum
1538 427 1598 466 est,
1617 429 1722 467 fastis,
1739 429 1771 459 &
1792 431 1894 461 virtute
1909 431 2032 468 ejusdem
2054 432 2212 464 Inientum:
2227 434 2329 464 nostrae
2346 443 2419 463 con-

1360 463 1443 508 fessus
1462 465 1501 495 est
1517 466 1557 509 &¹
1567 470 1755 507 recognovit,
1773 477 1822 505 per
1839 470 1964 499 eundem
1980 469 2113 501 Dominu
2130 482 2144 500 ii
2159 475 2275 509 Ducem,
2295 473 2345 502 sibi
2359 471 2417 502 esse

1360 501 1527 545 satisfactum
1552 514 1579 534 in
1596 506 1706 543 plenam
1729 505 1906 536 Solutionem
1930 508 1963 536 &
1990 508 2216 540 satisfactionem
2241 510 2355 540 Residui
2373 519 2422 539 to-a

1359 549 1411 570 tius
1429 542 1571 578 praedi&ae
1592 544 1722 574 Summae
1740 546 1858 574 undecim
1877 543 1990 574 millium
2012 549 2196 576 Ducentarum
2221 547 2260 583 όν
2283 553 2329 588 qui
2336 558 2418 588 aqua*

1356 583 1437 616 ginta
1455 580 1602 611 Librarum
1616 581 1854 620 Anglicanarum,
1873 592 1906 613 ex
1928 584 2061 620 prae2lista
2078 587 2167 622 prima
2182 586 2369 624 Obligatioue
2385 588 2419 616 <Sc

1361 618 1563 686 P'Weffliffle
1584 620 1695 659 debiti,
1720 621 1809 651 niodo
1829 622 1862 652 &
1886 621 1981 652 forma
2006 624 2182 659 pria-recitatis
2197 647 2206 663 ,
2232 624 2298 656 fusti
2319 626 2350 655 ὃς
2372 624 2420 654 so⁴

1378 667 1434 694 uri,
2045 676 2055 684 ·

1400 697 1444 726 Ac
1461 695 1572 726 ulterius
1590 695 1673 733 Nos,
1692 696 1726 727 ad
1746 697 1925 728 consimilem
1941 698 2112 729 Petitionem
2129 698 2198 729 dieti
2214 703 2325 730 Dmu'm·
2337 703 2425 730 Lam«

1360 732 1417 773 ley,
1436 734 1467 764 ὅ(
1484 744 1517 764 ex
1531 735 1801 765 considerationibus
1822 737 1981 774 praedietis,
1999 736 2198 768 ratificavimus
2221 740 2424 770 corioboraviae

1361 783 1422 802 mus
1440 772 1676 803 confirmavimus
1699 773 1732 802 &
1751 783 1873 811 accepto
1890 775 2005 805 tulimus
2047 785 2080 806 ac
2105 786 2153 814 per
2174 776 2324 807 Przsentes
2340 800 2349 815 ,
2368 787 2422 814 pro

1361 810 1460 842 Nobis
1482 809 1654 841 Haeredibus
1675 812 1708 842 &
1734 810 1943 843 successoribus
1965 799 2066 844 notius
2080 836 2089 852 ‚
2115 823 2253 854 quantum
2283 816 2310 844 in
2343 817 2423 845 nobis

1362 849 1420 888 est,
1451 848 1620 880 ratificamus
1654 852 1875 881 corroboramus
1909 851 2116 883 confirmamus
2151 853 2183 883 ὃ(
2209 861 2330 889 accepto
2360 853 2427 883 feri-

1362 897 1440 925 mus,
1460 887 1576 925 przfato
1594 891 1666 917 Duci
1687 888 1715 917 in
1741 887 1854 919 Partem
1876 887 2019 920 solutionis
2045 891 2247 929 praedICto·*uiii
2274 889 2426 930 sexaginta

1361 926 1473 956 millium
1490 929 1657 955 Ducatorum
1674 927 1839 964 praedictam
1855 927 2005 957 Summam
2022 939 2057 968 qu
2064 930 2168 958 ‘adesim
2189 929 2301 958 millium
2316 929 2420 959 Libra-

1361 976 1420 994 rum
1440 963 1645 1001 efficientium,
1664 966 1697 996 &
1719 965 1748 995 in
1771 965 1882 1002 plenam
1905 965 2085 996 Solutionem
2110 967 2310 1003 priediitirum
2332 970 2423 999 unde⁴

1361 1014 1420 1034 cim
1446 1012 1600 1034 annuarum
1624 1003 1808 1034 Solutionum
1833 1003 2029 1040 praediistirum
2045 1027 2054 1042 ,
2090 1006 2226 1042 predicto
2248 1007 2343 1043 primo
2366 1006 2426 1037 Die

1362 1041 1469 1072 Mensis
1486 1041 1552 1080 Julii
1569 1064 1578 1079 ,
1605 1041 1746 1078 praedicto
1762 1042 1852 1072 Anno
1878 1041 2003 1072 Domini
2030 1042 2178 1073 milleliino
2197 1045 2426 1083 quingentesimo

1362 1080 1535 1117 sexagesimo
1558 1087 1658 1119 quarto
1675 1102 1684 1117 ‚
1711 1089 1745 1110 ex
1773 1080 1848 1110 dieta
1879 1081 1998 1111 secunda
2029 1081 2216 1118 Obligatione
2246 1083 2426 1122 debitarum,

1363 1118 1529 1156 praedietam
1542 1118 1722 1148 Solutionem
1742 1119 1940 1155 praedictarum
1956 1123 2073 1160 quinque
2090 1119 2201 1150 m.llium
2217 1126 2426 1159 quingentarum

1362 1157 1513 1187 Librarum
1541 1159 1662 1185 Moneta.»
1688 1156 1801 1193 Angliae
1814 1179 1824 1195 ,
1848 1157 1962 1194 praefato
1989 1157 2119 1196 Johanni
2150 1162 2267 1188 Domino
2296 1160 2427 1198 Lumley,

1359 1196 1425 1234 post
1442 1195 1590 1235 predictis
1600 1194 1806 1226 concessiones
1825 1195 1928 1225 nostras
1943 1197 1967 1226 ei
1984 1206 2033 1235 per
2055 1196 2138 1234 Nos,
2150 1207 2197 1234 per
2206 1198 2371 1238 praedietarn
2381 1198 2429 1229 ln-

1362 1237 1510 1265 denturam
1528 1233 1669 1271 nostram,
1687 1233 1789 1272 faCtas,
1807 1234 1840 1263 ὃς
1857 1235 1959 1265 virtute
1977 1235 2099 1273 ejusdem
2118 1235 2278 1267 indenturae
2295 1237 2328 1267 &
2342 1237 2427 1267 Con-

1363 1272 1523 1303 cessionum
1547 1271 1705 1302 nostrarum
1727 1273 1756 1302 in
1782 1273 1882 1302 eadem
1902 1281 2101 1304 contentarum
2124 1275 2157 1304 ὃς
2186 1274 2431 1315 specfficamrum,

1363 1322 1411 1349 per
1433 1311 1526 1340 dictos
1553 1309 1750 1341 Procuratores
1774 1311 1820 1340 seu
1848 1309 2047 1347 Negotiorum
2074 1311 2209 1343 Gestores
2230 1313 2301 1344 dieti
2324 1317 2427 1354 Duct's,

1363 1360 1412 1387 per
1430 1349 1536 1379 Manus
1550 1348 1678 1388 praedieti
1699 1348 1812 1378 Roberti
1831 1348 1964 1387 Roa'olphe
1989 1351 2018 1380 in
2039 1359 2147 1388 partem
2171 1351 2326 1382 Solutionis
2351 1363 2425 1393 prae—

1362 1388 1448 1418 dietae
1468 1388 1598 1418 Summae
1624 1390 1772 1424 Sexaginta
1793 1386 1905 1416 millium
1935 1391 2104 1418 Ducatorum
2126 1389 2235 1422 dictam
2270 1391 2427 1422 Summam

1366 1427 1514 1467 quindecim
1539 1425 1650 1454 millium
1670 1425 1822 1455 Librarum
1845 1425 2032 1457 efficientium
2048 1450 2057 1465 ,
2076 1428 2108 1457 ὃ(
2132 1428 2157 1457 in
2182 1429 2346 1465 praedictam
2370 1430 2430 1470 ple-

1367 1475 1433 1495 nam
1448 1465 1628 1495 Solutionem
1652 1464 1685 1494 ὃς
1702 1463 1929 1494 satisfactionem
1953 1466 2152 1502 praedictarum
2174 1467 2307 1497 undecim
2324 1479 2431 1499 annua-¹

1367 1514 1429 1534 rum
1451 1504 1633 1534 Solutionum
1648 1526 1657 1540 ,
1686 1502 1824 1544 praedi&o
1845 1504 1939 1540 primo
1965 1504 2022 1533 Die
2048 1504 2153 1534 Mensis
2169 1505 2237 1543 Julii
2253 1530 2262 1545 ,
2288 1507 2431 1544 praediCto

1366 1542 1454 1572 Anno
1476 1542 1601 1572 Domini
1621 1540 1773 1571 millelimo
1790 1541 2014 1580 quingentesimo
2036 1542 2205 1581 sexagelinio
2223 1555 2321 1585 quarto
2341 1546 2432 1577 inclu-

1367 1581 1442 1618 sive,
1460 1590 1495 1611 ex
1508 1579 1584 1610 dicta
1604 1579 1722 1610 secunda
1741 1578 1930 1616 Obligatione
1944 1580 2100 1611 debitarum
2123 1582 2157 1612 ὃς
2177 1583 2369 1615 debendarum
2383 1585 2432 1616 seu

1368 1620 1594 1657 praeieritarum,
1620 1618 1711 1649 modo
1736 1618 1769 1649 δε
1797 1618 1892 1650 forma
1916 1620 2054 1657 paecitati's
2069 1642 2079 1659 ‚
2106 1621 2245 1652 factarum
2271 1624 2303 1654 ὃς
2329 1623 2432 1655 soluta-

1367 1667 1431 1688 rum
1443 1669 1454 1696 3

1407 1695 1443 1726 Et
1461 1696 1574 1727 ulterius
1596 1705 1664 1735 ηοε,
1682 1696 1867 1727 Securitatem
1890 1697 2057 1735 ampliorem
2080 1699 2215 1731 adhibere
2233 1699 2373 1738 volentes,
2394 1701 2432 1733 de

1369 1735 1492 1764 uberiori
1516 1734 1615 1766 Gratia
1633 1735 1726 1765 nostra
1742 1758 1751 1773 ,
1770 1746 1802 1765 ac
1818 1745 1852 1766 ex
1870 1745 1947 1766 certa
1967 1737 2089 1768 Scientia
2112 1739 2144 1769 &
2161 1749 2240 1769 mero
2262 1739 2350 1770 Motu
2366 1750 2433 1770 nos-

1372 1774 1420 1802 tris
1436 1795 1446 1810 ,
1471 1772 1661 1803 concessimus
1675 1795 1685 1810 ‚
1709 1783 1743 1804 ac
1764 1784 1812 1810 per
1841 1774 1990 1805 Praesentes
2013 1785 2065 1812 pro
2086 1776 2185 1807 Nobis
2208 1776 2379 1808 Haeredibus
2399 1781 2434 1810 ὅσ

1370 1811 1584 1842 Succelloiibus
1603 1811 1721 1849 nostris,
1741 1812 1927 1843 concedimus
1947 1813 2040 1843 eidem
2066 1817 2138 1843 Duci
2152 1838 2161 1853 ,
2185 1816 2266 1854 quod
2290 1817 2345 1856 ipse
2368 1816 2435 1847 illu-

1371 1849 1516 1880 strisfirnus
1546 1849 1689 1880 Dominus
1714 1854 1819 1888 Cosmus
1847 1851 1965 1879 Medicis
1993 1853 2149 1889 Reipiihi'itie
2176 1852 2346 1884 Florentini?
2362 1858 2434 1884 Dux

1370 1888 1521 1925 Secundus,
1536 1897 1583 1918 aut
1600 1889 1659 1926 ,ejus
1684 1888 1899 1919 Locumtenens
1918 1890 1962 1919 seu
1986 1889 2144 1921 Consularii
2160 1915 2169 1928 ,
2195 1894 2249 1924 iive
2271 1893 2434 1932 Collegium

1371 1926 1554 1966 quadraginta
1572 1927 1644 1958 oc'co
1663 1928 1819 1965 Virorum,
1846 1928 1901 1958 {ive
1926 1927 2077 1960 Vexilliferi
2099 1930 2222 1968 Justitiae
2246 1932 2344 1969 Populi
2369 1933 2435 1963 Ηο-Δ

1371 1966 1491 2003 remini,
1508 1974 1553 1995 aut
1579 1965 1750 2003 Respublica
1771 1967 1804 1997 ὅ(
1820 1965 2025 1996 Communitas
2048 1969 2103 1998 live
2125 1970 2372 2008 Comniunitates,
2386 1977 2436 2002 aut

1373 2002 1477 2041 Populi
1494 2003 1646 2034 Florentini
1665 2003 1774 2040 Status,
1798 2013 1843 2034 aut
1864 2014 1966 2034 eorum
1989 2006 2044 2035 sive
2064 2017 2162 2036 eorum
2184 2007 2298 2046 alicujus
2314 2009 2435 2039 Succes-

1371 2044 1464 2081 sores,
1481 2042 1525 2073 seu
1544 2042 1719 2080 particulares
1733 2041 1821 2073 Cives
1837 2041 1882 2072 seu
1898 2042 2039 2074 Homines
2054 2044 2227 2084 Florentini,
2247 2049 2275 2077 in
2294 2049 2435 2086 aliquibus

1374 2080 1460 2111 Bonis
1478 2079 1594 2111 Catallis
1613 2080 1670 2111 five
1685 2081 1781 2110 Terris
1799 2081 1852 2112 suis
1873 2081 2098 2120 quibuscumque
2122 2085 2297 2123 ubicumque
2313 2086 2435 2125 fuerint,

1374 2120 1429 2150 live
1446 2120 1523 2150 aliter
1541 2118 1770 2159 quoquomodo,
1791 2129 1843 2157 pro
1861 2119 1997 2156 aliquibus
2013 2120 2206 2153 Denariorum
2232 2124 2359 2155 Summis
2379 2126 2435 2159 sive

1374 2158 1510 2195 Summa,
1531 2159 1623 2189 modo
1644 2159 1676 2188 ὃς
1693 2157 1786 2188 forma
1802 2157 1944 2196 praedietis
1965 2160 2083 2196 praefato
2105 2163 2219 2191 Domino
2234 2163 2348 2204 Lumley
2363 2174 2436 2202 prae-

1373 2207 1450 2227 antea
1467 2197 1577 2235 solutis,
1595 2197 1651 2226 live
1667 2206 1718 2233 pro
1738 2206 1835 2226 earum
1851 2196 1957 2234 aliqua,
1976 2197 2022 2227 seu
2046 2209 2098 2235 pro
2122 2200 2211 2238 aliqua
2233 2211 2326 2231 earum
2343 2212 2437 2242 parte,

1374 2246 1421 2274 per
1447 2235 1530 2273 Nos,
1550 2246 1598 2273 per
1620 2234 1771 2266 Praesentes
1791 2236 1819 2264 in
1834 2234 1926 2265 forma
1946 2236 2079 2273 piaedieta
2095 2237 2234 2269 rarificatis
2247 2242 2438 2272 corroboratis

1374 2276 1497 2312 acceptis
1511 2275 1569 2305 latis
1585 2275 1617 2304 St
1633 2272 1805 2314 confirmatis
1820 2284 1868 2310 per
1876 2273 1943 2304 Nos
1958 2273 2096 2306 Haeredes
2112 2277 2155 2306 vel
2171 2278 2352 2309 Successores
2367 2290 2436 2310 nos-

1375 2321 1449 2351 tros,
1467 2322 1513 2344 aut
1530 2323 1578 2351 per
1593 2312 1659 2342 alios
1677 2316 1723 2342 leu
1739 2311 1923 2342 Subditorum
1940 2313 2101 2345 nostrorum
2123 2314 2282 2348 Haeredum
2300 2319 2344 2348 vel
2360 2319 2436 2350 Suc·

1378 2354 1522 2382 cestorum
1540 2350 1721 2388 nostrorum,
1746 2350 1801 2380 sive
1824 2361 1877 2388 pro
1899 2350 2000 2382 Nobis
2020 2352 2065 2383 seu
2088 2352 2223 2385 Nomine
2245 2356 2341 2387 nostro
2363 2352 2436 2388 Hae-

1375 2391 1474 2421 redum
1496 2391 1540 2420 vel
1562 2390 1764 2420 Successorum
1788 2389 1968 2428 nostrorum,
1986 2401 2043 2420 non
2062 2392 2246 2423 molestentur
2265 2396 2436 2431 perturben-

1374 2438 1437 2467 tur,
1455 2438 1509 2459 nec
1528 2438 1628 2459 corum
1643 2428 1736 2466 aliquo
1754 2427 1916 2458 molestetur
1936 2430 2112 2465 perturbetur
2134 2440 2249 2463 vexetur
2270 2433 2315 2464 seu
2336 2443 2436 2471 grave-

1375 2477 1419 2498 tur
1438 2469 1466 2497 iii
1487 2466 1638 2498 Praemilsis
1660 2466 1704 2496 seu
1721 2466 1816 2503 aliquo
1834 2466 2067 2506 Praemifforum,

1415 2507 1511 2545 Quare
1528 2506 1676 2547 volumus,
1694 2513 1727 2534 ac
1744 2514 1793 2542 per
1813 2505 1965 2535 Praesentes
1982 2505 2099 2537 firmiter
2115 2509 2291 2546 injungendo
2305 2513 2441 2550 praecipi·

1376 2556 1453 2580 mus„
1475 2553 1532 2575 tam
1550 2544 1737 2574 Thesaurario
1757 2542 1936 2573 Cancellario
1952 2545 1985 2575 ὃ(
2004 2544 2158 2577 Bironibiis
2172 2548 2332 2587 Scaccarii,
2349 2553 2437 2589 quam

1375 2584 1511 2613 omnibus
1533 2582 1591 2612 aliis
1611 2581 1769 2613 Officiariis
1791 2583 1824 2613 ὃς
1848 2581 1988 2612 Ministris
2012 2584 2110 2615 nostris
2127 2585 2286 2618 Haeredum
2313 2589 2346 2619 &
2363 2589 2438 2620 Suc-

1375 2623 1518 2652 cessorum
1537 2620 1714 2659 nostrorum,
1740 2630 1773 2650 ac
1792 2621 1927 2650 omnibus
1947 2621 2071 2652 Subditis
2089 2623 2190 2655 nostris
2211 2626 2438 2666 quibuscumque

1373 2660 1408 2690 ad
1426 2670 1499 2700 quos
1519 2660 1640 2697 pertinet
1657 2668 1703 2689 aut
1721 2659 1889 2696 pertinebit,
1907 2660 1986 2698 quod
2008 2661 2157 2698 praefatum
2175 2666 2295 2703 Ducem,
2314 2675 2362 2696 aut
2379 2668 2437 2704 ejus

1374 2698 1632 2729 Locumtenentem
1666 2697 1710 2728 seu
1735 2696 1946 2734 Consiliarios,
1972 2699 2029 2730 sive
2056 2700 2224 2740 Collegium
2251 2703 2437 2741 quadraginta

1372 2738 1443 2767 octo
1460 2737 1620 2773 Virorum,
1645 2735 1702 2766 sive
1730 2735 1904 2766 Vexilliferos
1920 2735 2043 2773 justitiae
2068 2738 2111 2769 Po
2133 2741 2169 2770 uli
2190 2740 2365 2780 Florentini,
2390 2751 2438 2773 aut

1373 2785 1475 2806 eorum
1503 2775 1548 2806 seu
1570 2775 1683 2812 alicujus
1701 2781 1801 2805 eorum
1824 2773 2004 2806 Succeffores
2026 2776 2071 2807 seu
2129 2779 2187 2808 ives
2209 2781 2242 2811 ὃς
2261 2781 2439 2817 particulares

1373 2813 1519 2845 Homines
1543 2813 1711 2852 praedietos,
1738 2814 1766 2842 in
1791 2812 1930 2850 aliquibus
1950 2813 2034 2844 Bonis
2057 2815 2109 2846 suis
2126 2818 2353 2857 quibuscumque
2372 2821 2438 2850 ubi·

1372 2863 1497 2891 cumque
1520 2852 1622 2883 fuerint
1635 2874 1645 2890 ,
1669 2851 1726 2882 sive
1743 2851 1820 2881 aliter
1838 2853 2044 2890 quoquomodo
2058 2876 2068 2892 ,
2086 2855 2114 2884 in
2137 2863 2183 2885 aut
2208 2866 2261 2893 pro
2278 2857 2438 2888 Solutioni-

1372 2892 1424 2922 bus
1440 2891 1601 2929 ptaediCtis,
1618 2897 1666 2920 aut
1682 2900 1734 2928 pro
1755 2889 1893 2928 aliquibus
1913 2890 1957 2921 seu
1972 2900 2024 2928 pro
2037 2902 2135 2923 earum
2150 2893 2239 2932 aliqua
2256 2896 2302 2925 seu
2320 2906 2371 2933 pro
2387 2897 2437 2927 ali-

1373 2940 1426 2966 qua
1444 2939 1538 2960 earum
1559 2938 1652 2968 parte,
1673 2937 1722 2967 per
1740 2927 1805 2959 Nos
1823 2938 1871 2966 per
1885 2928 2034 2960 Praesentes
2047 2932 2077 2960 in
2099 2931 2193 2962 forma
2209 2934 2346 2970 praedidta
2362 2943 2435 2966 con-

1371 2968 1484 2998 firmatis
1507 2969 1539 2999 &
1561 2967 1701 3004 acceptis,
1719 2967 1778 2997 latis
1793 2966 1825 2997 &
1840 2966 1949 3006 solutis,
1968 2977 2069 3000 contra
2087 2969 2239 3001 Tenorem
2262 2972 2360 3003 harum
2382 2974 2433 3003 Li·-

1371 3015 1491 3037 terarum
1511 3006 1671 3036 nostrarum
1695 3003 1858 3036 Patentium
1875 3006 1894 3025 *
1913 3016 1974 3036 non
1998 3006 2149 3038 molestent
2163 3008 2208 3038 seu
2230 3009 2324 3047 aliquo
2341 3012 2432 3042 modo

1371 3047 1550 3083 perturbent,
1569 3053 1662 3082 neque
1686 3044 1782 3087 aliquis
1802 3053 1902 3073 eorum
1929 3044 2056 3075 molestet
2075 3045 2122 3075 seu
2145 3046 2239 3084 aliquo
2262 3049 2353 3079 modo
2366 3060 2432 3089 per-

1371 3085 1484 3122 turbet3
1499 3085 1586 3114 etiam
1611 3083 1704 3120 aliquo
1724 3081 1828 3112 hrrore
1848 3080 1960 3112 Calculi
1983 3092 2043 3112 non
2055 3083 2194 3117 obstante.

1408 3121 1441 3152 In
1461 3123 1540 3161 cujus
1556 3123 1593 3153 rei
1610 3121 1845 3158 Testimonium,
1865 3121 1926 3151 &c-

1386 3209 1496 3255 „Teste
1516 3207 1630 3246 Regina
1648 3204 1722 3246 apud
1743 3204 2001 3247 westmonasterium
2015 3204 2133 3240 decimo
2154 3209 2274 3249 septimo
2289 3211 2335 3244 die
2352 3211 2435 3245 Mar-

1371 3259 1412 3280 tii.

2010 3333 2062 3364 Per
2079 3333 2162 3373 {usam
2178 3334 2317 3374 Reginam.

1725 3485 1774 3517 De
1803 3486 1891 3531 Regio
1917 3482 2050 3529 Affinsit·

1375 3572 1431 3626 R
1443 3566 1537 3607 Egina
1548 3591 1557 3609 ‚
1576 3567 1828 3600 Reverendiffimo
1847 3568 1876 3598 in
1900 3567 2018 3599 Christo
2037 3568 2136 3608 Patri,
2161 3578 2194 3601 ac
2219 3569 2382 3609 praedilecto
2399 3572 2433 3605 δε

1453 3608 1526 3638 fideli
1554 3607 1651 3638 nostro
1666 3632 1675 3644 ‚
1706 3605 1839 3637 Domino
1864 3607 1980 3636 Matheo
2004 3605 2206 3647 Archiepifiopo
2230 3610 2435 3650 Cantaurierifi,

1372 3647 1480 3714 {clauis
1502 3645 1726 3684 quibuscumque
1749 3644 1898 3683 Episcopis
1920 3655 2042 3685 quorum
2067 3647 2097 3676 in
2121 3647 2174 3677 hac
2200 3657 2276 3686 parte
2293 3650 2419 3679 intererit

1395 3696 1410 3715 a
1422 3693 1509 3714 utem,

1411 3722 1490 3752 Cum
1505 3745 1514 3761 ‚
1538 3730 1656 3753 vacante
1675 3730 1763 3760 nuper
1781 3720 1853 3763 Sede
1872 3720 2031 3760 Episcopali
2056 3720 2231 3754 Landavensi
2247 3745 2256 3763 ,
2281 3734 2329 3762 per
2348 3724 2435 3757 Mor-

1373 3771 1432 3792 tem
1450 3761 1604 3791 naturalem
1630 3761 1722 3790 ultimi
1736 3759 1868 3805 Episcopi
1890 3760 2028 3798 ejusdem,
2046 3760 2081 3790 ad
2100 3760 2239 3792 humilem
2260 3762 2436 3795 Petitionem

1372 3799 1545 3838 Praefidentis
1558 3797 1596 3833 ὠ·
1613 3798 1732 3836 Capituli
1749 3798 1885 3828 hecleiiae
1905 3797 2008 3828 nostrae
2029 3796 2204 3832 Cathedralis
2220 3800 2364 3832 Divorum
2379 3803 2437 3834 Pe-

1374 3839 1409 3868 tri
1423 3839 1455 3869 &
1474 3837 1552 3867 Pauli
1569 3837 1733 3867 Landaven.
1751 3847 1801 3874 per
1811 3836 1914 3866 Literas
1927 3835 2032 3866 nostras
2047 3836 2176 3868 Parentes
2186 3838 2345 3870 Licentiam
2361 3851 2437 3872 con-

1374 3876 1541 3906 cess‘erimus
1563 3876 1652 3905 alium
1673 3875 1725 3904 {ibi
1744 3875 1864 3913 eligendi
1887 3875 1918 3903 in
1940 3874 2116 3912 Episcopum
2141 3875 2174 3906 &
2196 3876 2342 3909 Pastorem
2360 3879 2438 3911 Sedis

1375 3914 1536 3952 praedidtae,
1558 3914 1644 3943 iidem
1666 3915 1730 3943 Prae
1740 3914 1812 3942 idem
1828 3911 1866 3946 ῥ’
1881 3912 2051 3950 Capitulum,
2070 3915 2174 3949 vigore
2191 3916 2223 3945 δε
2248 3918 2369 3948 obtentu
2387 3919 2439 3949 Li-

1376 3954 1478 3983 centiae
1498 3951 1603 3982 nostrae
1623 3951 1713 3989 praedi
1732 3953 1787 3988 tae,
1804 3950 1941 3980 dilectum
1956 3951 2038 3980 nobis
2058 3951 2086 3980 in
2109 3950 2226 3983 Christo
2262 3953 2439 3992 Magistrum

1375 3994 1514 4028 Hugonem
1538 3991 1625 4028 Jones
1649 3990 1678 4019 in
1694 3988 1820 4032 Legibus
1842 3988 2075 4027 Bacchularium,
2093 3989 2144 4020 fibi
2169 3992 2203 4022 &
2218 3975 2355 4024 ssccleliae
2370 4002 2441 4031 prae·

1377 4030 1462 4060 dictae
1479 4028 1621 4066 elegerunt
1644 4028 1675 4060 in
1698 4027 1873 4099 Epuctipum
1899 4027 1933 4058 &
1963 4026 2107 4058 Pastorem
2123 4051 2135 4067 ,
2161 4038 2243 4067 prout
2266 4041 2317 4068 per
2338 4032 2444 4099 Lupias

2398 4080 2443 4101 uas

2482 3001 2500 3020 ⁴⁸
2513 3001 2536 3028 >C

2487 3042 2541 3077 658

2461 3585 2537 3618 Ann.

2486 3626 2542 3666 156

2458 3754 2486 3779 9.
2496 3754 2533 3771 m·
