<?xml version="1.0" encoding="UTF-8"?>
<!DOCTYPE html PUBLIC "-//W3C//DTD XHTML 1.0 Transitional//EN"
    "http://www.w3.org/TR/xhtml1/DTD/xhtml1-transitional.dtd">
<html xmlns="http://www.w3.org/1999/xhtml" xml:lang="en" lang="en">
 <head>
  <title>
</title>
<meta http-equiv="Content-Type" content="text/html;charset=utf-8" />
  <meta name='ocr-system' content='tesseract 3.04.00' />
  <meta name='ocr-capabilities' content='ocr_page ocr_carea ocr_par ocr_line ocrx_word'/>
</head>
<body>
  <div class='ocr_page' id='page_1' title='image "./fderaconventione06ryme_0441.png"; bbox 0 0 2542 4274; ppageno 0'>
   <div class='ocr_carea' id='block_1_1' title="bbox 775 148 1766 195">
    <p class='ocr_par' dir='ltr' id='par_1_1' title="bbox 775 148 1766 195">
     <span class='ocr_line' id='line_1_1' title="bbox 775 148 1766 195; baseline 0.006 -6"><span class='ocrx_word' id='word_1_1' title='bbox 775 148 877 190; x_wconf 90' lang='lat' dir='ltr'>ET</span> <span class='ocrx_word' id='word_1_2' title='bbox 961 151 1228 192; x_wconf 91' lang='lat' dir='ltr'>ACTA</span> <span class='ocrx_word' id='word_1_3' title='bbox 1313 150 1766 195; x_wconf 77' lang='lat' dir='ltr'>PUBLICA;</span> 
     </span>
    </p>
   </div>
   <div class='ocr_carea' id='block_1_2' title="bbox 79 226 1295 916">
    <p class='ocr_par' dir='ltr' id='par_1_2' title="bbox 84 226 1257 307">
     <span class='ocr_line' id='line_1_2' title="bbox 84 226 1257 273; baseline 0.009 -16"><span class='ocrx_word' id='word_1_4' title='bbox 84 226 162 258; x_wconf 86' lang='lat' dir='ltr'>Ann.</span> <span class='ocrx_word' id='word_1_5' title='bbox 176 228 214 261; x_wconf 94' lang='lat' dir='ltr'>D.</span> <span class='ocrx_word' id='word_1_6' title='bbox 233 235 312 263; x_wconf 84' lang='lat' dir='ltr'><em>Prior</em></span> <span class='ocrx_word' id='word_1_7' title='bbox 326 232 486 273; x_wconf 78' lang='lat' dir='ltr'>Augustini,</span> <span class='ocrx_word' id='word_1_8' title='bbox 505 242 559 264; x_wconf 90' lang='lat' dir='ltr'>una</span> <span class='ocrx_word' id='word_1_9' title='bbox 572 241 640 262; x_wconf 91' lang='lat' dir='ltr'>cum</span> <span class='ocrx_word' id='word_1_10' title='bbox 659 233 798 265; x_wconf 88' lang='lat' dir='ltr'>consensu</span> <span class='ocrx_word' id='word_1_11' title='bbox 813 237 944 267; x_wconf 87' lang='lat' dir='ltr'>omnium</span> <span class='ocrx_word' id='word_1_12' title='bbox 962 238 1095 268; x_wconf 86' lang='lat' dir='ltr'>Fratrum</span> <span class='ocrx_word' id='word_1_13' title='bbox 1117 247 1257 269; x_wconf 86' lang='lat' dir='ltr'>meorum.</span> 
     </span>
     <span class='ocr_line' id='line_1_3' title="bbox 114 276 197 307; baseline 0.024 -2"><span class='ocrx_word' id='word_1_14' title='bbox 114 276 197 307; x_wconf 84' lang='lat'><em>1534-</em></span> 
     </span>
    </p>

    <p class='ocr_par' dir='ltr' id='par_1_3' title="bbox 83 308 1295 349">
     <span class='ocr_line' id='line_1_4' title="bbox 83 308 1295 349; baseline 0.012 -19"><span class='ocrx_word' id='word_1_15' title='bbox 83 309 146 333; x_wconf 69' lang='lat' dir='ltr'>Hen.</span> <span class='ocrx_word' id='word_1_16' title='bbox 167 308 193 336; x_wconf 80' lang='lat'>8.</span> <span class='ocrx_word' id='word_1_17' title='bbox 276 313 291 327; x_wconf 68' lang='lat'>²*</span> <span class='ocrx_word' id='word_1_18' title='bbox 308 311 360 341; x_wconf 84' lang='lat' dir='ltr'>ET</span> <span class='ocrx_word' id='word_1_19' title='bbox 381 317 643 340; x_wconf 77' lang='lat' dir='ltr'>MEMORANDUM</span> <span class='ocrx_word' id='word_1_20' title='bbox 663 310 736 349; x_wconf 83' lang='lat' dir='ltr'>quod</span> <span class='ocrx_word' id='word_1_21' title='bbox 749 311 877 347; x_wconf 70' lang='lat' dir='ltr'>praeditii</span> <span class='ocrx_word' id='word_1_22' title='bbox 891 312 973 343; x_wconf 83' lang='lat' dir='ltr'>Prior</span> <span class='ocrx_word' id='word_1_23' title='bbox 996 315 1030 344; x_wconf 87' lang='lat'>&amp;</span> <span class='ocrx_word' id='word_1_24' title='bbox 1050 315 1221 345; x_wconf 84' lang='lat' dir='ltr'>Conventus</span> <span class='ocrx_word' id='word_1_25' title='bbox 1237 314 1295 344; x_wconf 88' lang='lat' dir='ltr'>Or-</span> 
     </span>
    </p>

    <p class='ocr_par' dir='ltr' id='par_1_4' title="bbox 80 343 1292 390">
     <span class='ocr_line' id='line_1_5' title="bbox 80 343 1292 390; baseline 0.005 -13"><span class='ocrx_word' id='word_1_26' title='bbox 80 343 99 359; x_wconf 72' lang='lat'><strong>*</strong></span> <span class='ocrx_word' id='word_1_27' title='bbox 116 345 197 375; x_wconf 59' lang='lat' dir='ltr'>XIV,</span> <span class='ocrx_word' id='word_1_28' title='bbox 232 348 304 378; x_wconf 81' lang='lat' dir='ltr'>dinis</span> <span class='ocrx_word' id='word_1_29' title='bbox 317 349 444 379; x_wconf 83' lang='lat' dir='ltr'>Fratrum</span> <span class='ocrx_word' id='word_1_30' title='bbox 461 347 680 378; x_wconf 85' lang='lat' dir='ltr'>Cruciferorum</span> <span class='ocrx_word' id='word_1_31' title='bbox 698 351 805 377; x_wconf 81' lang='lat' dir='ltr'>Decimo</span> <span class='ocrx_word' id='word_1_32' title='bbox 821 354 934 388; x_wconf 76' lang='lat' dir='ltr'>Septimo</span> <span class='ocrx_word' id='word_1_33' title='bbox 951 355 1003 380; x_wconf 87' lang='lat' dir='ltr'>Die</span> <span class='ocrx_word' id='word_1_34' title='bbox 1025 355 1148 390; x_wconf 78' lang='lat' dir='ltr'>Aprilis,</span> <span class='ocrx_word' id='word_1_35' title='bbox 1168 352 1206 388; x_wconf 79' lang='lat'><em>&amp;</em></span> <span class='ocrx_word' id='word_1_36' title='bbox 1221 362 1292 390; x_wconf 84' lang='lat' dir='ltr'>prae-</span> 
     </span>
    </p>

    <p class='ocr_par' dir='ltr' id='par_1_5' title="bbox 79 381 1293 913">
     <span class='ocr_line' id='line_1_6' title="bbox 79 381 1293 422; baseline 0.003 -6"><span class='ocrx_word' id='word_1_37' title='bbox 79 381 147 416; x_wconf 73' lang='lat'><strong>489·</strong></span> <span class='ocrx_word' id='word_1_38' title='bbox 234 388 301 416; x_wconf 69' lang='lat' dir='ltr'>dicii</span> <span class='ocrx_word' id='word_1_39' title='bbox 320 386 401 416; x_wconf 84' lang='lat' dir='ltr'><strong>Prior</strong></span> <span class='ocrx_word' id='word_1_40' title='bbox 421 388 455 417; x_wconf 67' lang='grc' dir='ltr'>ἃ</span> <span class='ocrx_word' id='word_1_41' title='bbox 477 386 648 416; x_wconf 78' lang='lat' dir='ltr'>Conventus</span> <span class='ocrx_word' id='word_1_42' title='bbox 669 386 788 416; x_wconf 83' lang='lat' dir='ltr'>Ordinis</span> <span class='ocrx_word' id='word_1_43' title='bbox 810 388 941 419; x_wconf 70' lang='lat' dir='ltr'>Fratrum</span> <span class='ocrx_word' id='word_1_44' title='bbox 965 389 1185 422; x_wconf 80' lang='lat' dir='ltr'>Praedicatorum</span> <span class='ocrx_word' id='word_1_45' title='bbox 1206 397 1293 421; x_wconf 75' lang='lat' dir='ltr'>eodem</span> 
     </span>
     <span class='ocr_line' id='line_1_7' title="bbox 231 424 1292 463; baseline 0.006 -9"><span class='ocrx_word' id='word_1_46' title='bbox 231 428 344 454; x_wconf 77' lang='lat' dir='ltr'>Decimo</span> <span class='ocrx_word' id='word_1_47' title='bbox 353 427 466 462; x_wconf 81' lang='lat' dir='ltr'>Septimo</span> <span class='ocrx_word' id='word_1_48' title='bbox 482 424 524 453; x_wconf 81' lang='lat' dir='ltr'>die</span> <span class='ocrx_word' id='word_1_49' title='bbox 536 425 641 463; x_wconf 79' lang='lat' dir='ltr'><em>Aprilis</em></span> <span class='ocrx_word' id='word_1_50' title='bbox 651 449 660 462; x_wconf 85' lang='lat'>,</span> <span class='ocrx_word' id='word_1_51' title='bbox 678 425 716 459; x_wconf 62' lang='grc' dir='ltr'>ό·</span> <span class='ocrx_word' id='word_1_52' title='bbox 728 425 853 463; x_wconf 66' lang='lat' dir='ltr'>praedicii</span> <span class='ocrx_word' id='word_1_53' title='bbox 866 426 947 456; x_wconf 80' lang='lat' dir='ltr'>Prior</span> <span class='ocrx_word' id='word_1_54' title='bbox 961 429 994 458; x_wconf 62' lang='grc' dir='ltr'>ὃς</span> <span class='ocrx_word' id='word_1_55' title='bbox 1010 428 1180 460; x_wconf 86' lang='lat' dir='ltr'>Conventus</span> <span class='ocrx_word' id='word_1_56' title='bbox 1204 430 1292 459; x_wconf 84' lang='lat' dir='ltr'>Ordi—</span> 
     </span>
     <span class='ocr_line' id='line_1_8' title="bbox 229 462 1291 506; baseline 0.005 -14"><span class='ocrx_word' id='word_1_57' title='bbox 229 464 272 492; x_wconf 87' lang='lat' dir='ltr'>nis</span> <span class='ocrx_word' id='word_1_58' title='bbox 298 463 426 492; x_wconf 86' lang='lat' dir='ltr'>Fratrum</span> <span class='ocrx_word' id='word_1_59' title='bbox 453 462 606 493; x_wconf 88' lang='lat' dir='ltr'>Minorum</span> <span class='ocrx_word' id='word_1_60' title='bbox 630 467 737 493; x_wconf 80' lang='lat' dir='ltr'>Decimo</span> <span class='ocrx_word' id='word_1_61' title='bbox 766 465 876 493; x_wconf 69' lang='lat' dir='ltr'>OCZavo</span> <span class='ocrx_word' id='word_1_62' title='bbox 897 465 938 494; x_wconf 83' lang='lat' dir='ltr'>die</span> <span class='ocrx_word' id='word_1_63' title='bbox 958 466 1085 506; x_wconf 80' lang='lat' dir='ltr'><em>Aprilis,</em></span> <span class='ocrx_word' id='word_1_64' title='bbox 1100 467 1138 502; x_wconf 78' lang='lat'><em>&amp;</em></span> <span class='ocrx_word' id='word_1_65' title='bbox 1162 469 1291 506; x_wconf 71' lang='lat' dir='ltr'>praedieti</span> 
     </span>
     <span class='ocr_line' id='line_1_9' title="bbox 230 500 1291 536; baseline 0.005 -5"><span class='ocrx_word' id='word_1_66' title='bbox 230 500 312 531; x_wconf 85' lang='lat' dir='ltr'>Prior</span> <span class='ocrx_word' id='word_1_67' title='bbox 325 501 358 531; x_wconf 92' lang='lat'>&amp;</span> <span class='ocrx_word' id='word_1_68' title='bbox 375 500 547 531; x_wconf 82' lang='lat' dir='ltr'>Conventus</span> <span class='ocrx_word' id='word_1_69' title='bbox 566 502 683 531; x_wconf 80' lang='lat' dir='ltr'>Ordinis</span> <span class='ocrx_word' id='word_1_70' title='bbox 700 502 825 531; x_wconf 77' lang='lat' dir='ltr'>Fratrum</span> <span class='ocrx_word' id='word_1_71' title='bbox 852 503 1076 535; x_wconf 79' lang='lat' dir='ltr'>Praedicatorum</span> <span class='ocrx_word' id='word_1_72' title='bbox 1094 509 1203 536; x_wconf 83' lang='lat' dir='ltr'>Decimo</span> <span class='ocrx_word' id='word_1_73' title='bbox 1225 518 1291 536; x_wconf 86' lang='lat' dir='ltr'>nono</span> 
     </span>
     <span class='ocr_line' id='line_1_10' title="bbox 230 537 1290 578; baseline 0.008 -11"><span class='ocrx_word' id='word_1_74' title='bbox 230 539 272 568; x_wconf 86' lang='lat' dir='ltr'>die</span> <span class='ocrx_word' id='word_1_75' title='bbox 289 538 410 576; x_wconf 72' lang='lat' dir='ltr'>Aprir&#39;is,</span> <span class='ocrx_word' id='word_1_76' title='bbox 428 537 466 573; x_wconf 59' lang='grc' dir='ltr'><em>ὠ</em></span> <span class='ocrx_word' id='word_1_77' title='bbox 480 540 605 578; x_wconf 71' lang='grc' dir='ltr'>Ρνιειίίέῖἰ</span> <span class='ocrx_word' id='word_1_78' title='bbox 619 540 700 570; x_wconf 85' lang='lat' dir='ltr'>Prior</span> <span class='ocrx_word' id='word_1_79' title='bbox 716 542 748 571; x_wconf 83' lang='lat'>&amp;</span> <span class='ocrx_word' id='word_1_80' title='bbox 763 538 934 572; x_wconf 85' lang='lat' dir='ltr'>Conventus</span> <span class='ocrx_word' id='word_1_81' title='bbox 949 542 1068 574; x_wconf 83' lang='lat' dir='ltr'>Ordinis</span> <span class='ocrx_word' id='word_1_82' title='bbox 1081 544 1209 574; x_wconf 78' lang='lat' dir='ltr'>Fratrum</span> <span class='ocrx_word' id='word_1_83' title='bbox 1228 545 1290 576; x_wconf 88' lang='lat' dir='ltr'>He-</span> 
     </span>
     <span class='ocr_line' id='line_1_11' title="bbox 229 578 1291 621; baseline 0.006 -14"><span class='ocrx_word' id='word_1_84' title='bbox 229 579 394 608; x_wconf 85' lang='lat' dir='ltr'>semitarum</span> <span class='ocrx_word' id='word_1_85' title='bbox 408 578 503 608; x_wconf 67' lang='lat' dir='ltr'>Saneti</span> <span class='ocrx_word' id='word_1_86' title='bbox 528 578 883 617; x_wconf 75' lang='lat' dir='ltr'>AugustiniVicefimo-die</span> <span class='ocrx_word' id='word_1_87' title='bbox 910 581 1015 619; x_wconf 81' lang='lat' dir='ltr'>Aprilis</span> <span class='ocrx_word' id='word_1_88' title='bbox 1039 586 1126 612; x_wconf 85' lang='lat' dir='ltr'>Anno</span> <span class='ocrx_word' id='word_1_89' title='bbox 1147 583 1291 621; x_wconf 61' lang='lat' dir='ltr'>prasenti,</span> 
     </span>
     <span class='ocr_line' id='line_1_12' title="bbox 228 615 1289 652; baseline 0.006 -8"><span class='ocrx_word' id='word_1_90' title='bbox 228 626 316 645; x_wconf 85' lang='lat' dir='ltr'>coram</span> <span class='ocrx_word' id='word_1_91' title='bbox 331 615 467 652; x_wconf 79' lang='lat' dir='ltr'>Georgio</span> <span class='ocrx_word' id='word_1_92' title='bbox 484 616 607 647; x_wconf 84' lang='lat' dir='ltr'>Browne</span> <span class='ocrx_word' id='word_1_93' title='bbox 623 615 721 646; x_wconf 79' lang='lat' dir='ltr'>Priore</span> <span class='ocrx_word' id='word_1_94' title='bbox 746 617 877 648; x_wconf 82' lang='lat' dir='ltr'>Fratrum</span> <span class='ocrx_word' id='word_1_95' title='bbox 893 618 1102 651; x_wconf 75' lang='lat' dir='ltr'>Heremitarum</span> <span class='ocrx_word' id='word_1_96' title='bbox 1118 623 1213 651; x_wconf 65' lang='lat' dir='ltr'>Sancti</span> <span class='ocrx_word' id='word_1_97' title='bbox 1226 625 1289 650; x_wconf 85' lang='lat' dir='ltr'>Au-</span> 
     </span>
     <span class='ocr_line' id='line_1_13' title="bbox 225 654 1290 692; baseline 0.007 -10"><span class='ocrx_word' id='word_1_98' title='bbox 225 654 323 692; x_wconf 77' lang='lat' dir='ltr'>gustini</span> <span class='ocrx_word' id='word_1_99' title='bbox 336 655 485 685; x_wconf 81' lang='lat' dir='ltr'>Londoniae</span> <span class='ocrx_word' id='word_1_100' title='bbox 502 654 539 690; x_wconf 53' lang='grc' dir='ltr'>(γ’</span> <span class='ocrx_word' id='word_1_101' title='bbox 554 658 647 684; x_wconf 82' lang='lat' dir='ltr'>Priore</span> <span class='ocrx_word' id='word_1_102' title='bbox 662 655 827 684; x_wconf 81' lang='lat' dir='ltr'>Provinciali</span> <span class='ocrx_word' id='word_1_103' title='bbox 851 660 933 686; x_wconf 68' lang='lat' dir='ltr'>totius</span> <span class='ocrx_word' id='word_1_104' title='bbox 955 660 1066 688; x_wconf 86' lang='lat' dir='ltr'>Ordinis</span> <span class='ocrx_word' id='word_1_105' title='bbox 1087 662 1216 689; x_wconf 77' lang='lat' dir='ltr'>Fratrum</span> <span class='ocrx_word' id='word_1_106' title='bbox 1232 663 1290 690; x_wconf 82' lang='lat' dir='ltr'>He-</span> 
     </span>
     <span class='ocr_line' id='line_1_14' title="bbox 229 692 1288 738; baseline 0.008 -17"><span class='ocrx_word' id='word_1_107' title='bbox 229 696 385 722; x_wconf 57' lang='lat' dir='ltr'>renaitarum</span> <span class='ocrx_word' id='word_1_108' title='bbox 400 694 514 732; x_wconf 79' lang='lat' dir='ltr'>ejusdem</span> <span class='ocrx_word' id='word_1_109' title='bbox 527 693 639 722; x_wconf 83' lang='lat' dir='ltr'>Ordinis</span> <span class='ocrx_word' id='word_1_110' title='bbox 655 692 731 731; x_wconf 79' lang='lat' dir='ltr'>infra</span> <span class='ocrx_word' id='word_1_111' title='bbox 745 697 864 730; x_wconf 77' lang='lat' dir='ltr'>Regnum</span> <span class='ocrx_word' id='word_1_112' title='bbox 879 696 1007 734; x_wconf 76' lang='lat' dir='ltr'>Angliae,</span> <span class='ocrx_word' id='word_1_113' title='bbox 1026 696 1063 732; x_wconf 58' lang='grc' dir='ltr'><strong><em>ὠ</em></strong></span> <span class='ocrx_word' id='word_1_114' title='bbox 1075 697 1207 734; x_wconf 80' lang='lat' dir='ltr'>Johanne</span> <span class='ocrx_word' id='word_1_115' title='bbox 1215 698 1288 738; x_wconf 83' lang='lat' dir='ltr'>Hyl-</span> 
     </span>
     <span class='ocr_line' id='line_1_15' title="bbox 229 731 1288 774; baseline 0.006 -14"><span class='ocrx_word' id='word_1_116' title='bbox 229 731 274 769; x_wconf 86' lang='lat' dir='ltr'>sey</span> <span class='ocrx_word' id='word_1_117' title='bbox 293 731 389 762; x_wconf 87' lang='lat' dir='ltr'>Priore</span> <span class='ocrx_word' id='word_1_118' title='bbox 409 732 577 762; x_wconf 77' lang='lat' dir='ltr'>Provinciali</span> <span class='ocrx_word' id='word_1_119' title='bbox 594 733 679 761; x_wconf 85' lang='lat' dir='ltr'>totius</span> <span class='ocrx_word' id='word_1_120' title='bbox 691 731 808 761; x_wconf 83' lang='lat' dir='ltr'>Ordinis</span> <span class='ocrx_word' id='word_1_121' title='bbox 822 733 949 763; x_wconf 77' lang='lat' dir='ltr'>Fratrum</span> <span class='ocrx_word' id='word_1_122' title='bbox 966 734 1209 774; x_wconf 66' lang='lat' dir='ltr'>praedicatorum,</span> <span class='ocrx_word' id='word_1_123' title='bbox 1228 741 1288 766; x_wconf 83' lang='lat' dir='ltr'>vir-</span> 
     </span>
     <span class='ocr_line' id='line_1_16' title="bbox 230 769 1287 812; baseline 0.007 -14"><span class='ocrx_word' id='word_1_124' title='bbox 230 776 289 798; x_wconf 87' lang='lat' dir='ltr'>tute</span> <span class='ocrx_word' id='word_1_125' title='bbox 304 770 486 809; x_wconf 85' lang='lat' dir='ltr'>Commiffionis</span> <span class='ocrx_word' id='word_1_126' title='bbox 501 771 566 799; x_wconf 67' lang='lat' dir='ltr'>did‘t&#39;i</span> <span class='ocrx_word' id='word_1_127' title='bbox 578 769 699 799; x_wconf 82' lang='lat' dir='ltr'>Domini</span> <span class='ocrx_word' id='word_1_128' title='bbox 715 769 802 808; x_wconf 83' lang='lat' dir='ltr'>Regis</span> <span class='ocrx_word' id='word_1_129' title='bbox 816 774 851 799; x_wconf 86' lang='lat' dir='ltr'>eis</span> <span class='ocrx_word' id='word_1_130' title='bbox 866 773 988 810; x_wconf 60' lang='lat' dir='ltr'>direblae,</span> <span class='ocrx_word' id='word_1_131' title='bbox 1002 773 1179 812; x_wconf 69' lang='lat' dir='ltr'>personaliter</span> <span class='ocrx_word' id='word_1_132' title='bbox 1192 779 1221 804; x_wconf 87' lang='lat' dir='ltr'>in</span> <span class='ocrx_word' id='word_1_133' title='bbox 1229 779 1287 805; x_wconf 89' lang='lat' dir='ltr'>Do-</span> 
     </span>
     <span class='ocr_line' id='line_1_17' title="bbox 229 807 1287 852; baseline 0.007 -16"><span class='ocrx_word' id='word_1_134' title='bbox 229 809 312 837; x_wconf 85' lang='lat' dir='ltr'>mibus</span> <span class='ocrx_word' id='word_1_135' title='bbox 321 808 380 847; x_wconf 78' lang='lat' dir='ltr'>ficis</span> <span class='ocrx_word' id='word_1_136' title='bbox 387 809 537 848; x_wconf 76' lang='lat' dir='ltr'>separatim</span> <span class='ocrx_word' id='word_1_137' title='bbox 553 808 751 846; x_wconf 82' lang='lat' dir='ltr'>Capitularibus</span> <span class='ocrx_word' id='word_1_138' title='bbox 765 807 914 847; x_wconf 81' lang='lat' dir='ltr'>constituti,</span> <span class='ocrx_word' id='word_1_139' title='bbox 932 813 1149 847; x_wconf 83' lang='lat' dir='ltr'>Recognoverunt</span> <span class='ocrx_word' id='word_1_140' title='bbox 1158 816 1287 852; x_wconf 86' lang='lat' dir='ltr'>Scriptum</span> 
     </span>
     <span class='ocr_line' id='line_1_18' title="bbox 219 846 1287 913; baseline 0.007 -39"><span class='ocrx_word' id='word_1_141' title='bbox 219 847 381 913; x_wconf 45' lang='lat' dir='ltr'>Aeraedic‘lum</span> <span class='ocrx_word' id='word_1_142' title='bbox 407 858 440 876; x_wconf 86' lang='lat' dir='ltr'>ac</span> <span class='ocrx_word' id='word_1_143' title='bbox 465 850 554 876; x_wconf 77' lang='lat' dir='ltr'>omnia</span> <span class='ocrx_word' id='word_1_144' title='bbox 575 847 613 882; x_wconf 64' lang='grc' dir='ltr'>ὠ·</span> <span class='ocrx_word' id='word_1_145' title='bbox 625 846 734 886; x_wconf 79' lang='lat' dir='ltr'>singula</span> <span class='ocrx_word' id='word_1_146' title='bbox 749 851 778 876; x_wconf 85' lang='lat' dir='ltr'>in</span> <span class='ocrx_word' id='word_1_147' title='bbox 799 847 887 876; x_wconf 86' lang='lat' dir='ltr'>eodem</span> <span class='ocrx_word' id='word_1_148' title='bbox 909 856 1034 879; x_wconf 78' lang='lat' dir='ltr'>contenta</span> <span class='ocrx_word' id='word_1_149' title='bbox 1056 854 1084 880; x_wconf 88' lang='lat' dir='ltr'>in</span> <span class='ocrx_word' id='word_1_150' title='bbox 1102 850 1197 890; x_wconf 86' lang='lat' dir='ltr'>forma</span> <span class='ocrx_word' id='word_1_151' title='bbox 1213 860 1287 890; x_wconf 83' lang='lat' dir='ltr'>prae-</span> 
     </span>
    </p>

    <p class='ocr_par' dir='ltr' id='par_1_6' title="bbox 244 886 309 916">
     <span class='ocr_line' id='line_1_19' title="bbox 244 886 309 916; baseline 0.031 -2"><span class='ocrx_word' id='word_1_152' title='bbox 244 886 309 916; x_wconf 63' lang='lat' dir='ltr'>ic‘la.</span> 
     </span>
    </p>
   </div>
   <div class='ocr_carea' id='block_1_3' title="bbox 335 1019 1148 1070">
    <p class='ocr_par' dir='ltr' id='par_1_7' title="bbox 335 1019 1148 1070">
     <span class='ocr_line' id='line_1_20' title="bbox 335 1019 1148 1070; baseline 0.005 -18"><span class='ocrx_word' id='word_1_153' title='bbox 335 1019 508 1053; x_wconf 79' lang='lat' dir='ltr'>Fidelitates</span> <span class='ocrx_word' id='word_1_154' title='bbox 530 1023 566 1058; x_wconf 52' lang='grc' dir='ltr'><em>ὠ</em></span> <span class='ocrx_word' id='word_1_155' title='bbox 592 1020 782 1070; x_wconf 77' lang='lat' dir='ltr'>Jnramenta</span> <span class='ocrx_word' id='word_1_156' title='bbox 804 1033 857 1068; x_wconf 86' lang='lat' dir='ltr'>per</span> <span class='ocrx_word' id='word_1_157' title='bbox 880 1022 1148 1069; x_wconf 70' lang='lat' dir='ltr'>infraspecficatos.</span> 
     </span>
    </p>
   </div>
   <div class='ocr_carea' id='block_1_4' title="bbox 72 1105 1288 3723">
    <p class='ocr_par' dir='ltr' id='par_1_8' title="bbox 72 1105 1288 1454">
     <span class='ocr_line' id='line_1_21' title="bbox 288 1105 1287 1147; baseline 0.002 -11"><span class='ocrx_word' id='word_1_158' title='bbox 288 1105 417 1136; x_wconf 91' lang='lat' dir='ltr'>UUM</span> <span class='ocrx_word' id='word_1_159' title='bbox 442 1117 474 1137; x_wconf 87' lang='lat' dir='ltr'>ea</span> <span class='ocrx_word' id='word_1_160' title='bbox 500 1116 558 1136; x_wconf 90' lang='lat' dir='ltr'>non</span> <span class='ocrx_word' id='word_1_161' title='bbox 579 1106 609 1137; x_wconf 86' lang='lat' dir='ltr'>fit</span> <span class='ocrx_word' id='word_1_162' title='bbox 631 1107 721 1137; x_wconf 76' lang='lat' dir='ltr'>solum</span> <span class='ocrx_word' id='word_1_163' title='bbox 747 1107 914 1138; x_wconf 77' lang='lat' dir='ltr'>Christianae</span> <span class='ocrx_word' id='word_1_164' title='bbox 942 1107 1099 1147; x_wconf 81' lang='lat' dir='ltr'>Religionis</span> <span class='ocrx_word' id='word_1_165' title='bbox 1121 1111 1154 1140; x_wconf 91' lang='lat'>&amp;</span> <span class='ocrx_word' id='word_1_166' title='bbox 1174 1108 1287 1139; x_wconf 82' lang='lat' dir='ltr'>Pietatis</span> 
     </span>
     <span class='ocr_line' id='line_1_22' title="bbox 298 1144 1285 1185; baseline 0.002 -11"><span class='ocrx_word' id='word_1_167' title='bbox 298 1144 385 1174; x_wconf 88' lang='lat' dir='ltr'>Ratio</span> <span class='ocrx_word' id='word_1_168' title='bbox 408 1145 451 1175; x_wconf 87' lang='lat' dir='ltr'>sed</span> <span class='ocrx_word' id='word_1_169' title='bbox 477 1145 582 1175; x_wconf 79' lang='lat' dir='ltr'>nostrae</span> <span class='ocrx_word' id='word_1_170' title='bbox 601 1146 685 1175; x_wconf 86' lang='lat' dir='ltr'>etiam</span> <span class='ocrx_word' id='word_1_171' title='bbox 709 1146 890 1176; x_wconf 82' lang='lat' dir='ltr'>Obedientiae</span> <span class='ocrx_word' id='word_1_172' title='bbox 913 1146 1022 1185; x_wconf 86' lang='lat' dir='ltr'>Regula</span> <span class='ocrx_word' id='word_1_173' title='bbox 1039 1157 1068 1177; x_wconf 89' lang='lat' dir='ltr'>ut</span> <span class='ocrx_word' id='word_1_174' title='bbox 1084 1147 1218 1176; x_wconf 88' lang='lat' dir='ltr'>Domino</span> <span class='ocrx_word' id='word_1_175' title='bbox 1233 1158 1285 1176; x_wconf 90' lang='lat' dir='ltr'>no—</span> 
     </span>
     <span class='ocr_line' id='line_1_23' title="bbox 72 1180 1287 1228; baseline 0.004 -18"><span class='ocrx_word' id='word_1_176' title='bbox 72 1202 115 1226; x_wconf 75' lang='lat' dir='ltr'>An</span> <span class='ocrx_word' id='word_1_177' title='bbox 141 1204 179 1228; x_wconf 66' lang='lat'>20</span> <span class='ocrx_word' id='word_1_178' title='bbox 225 1180 282 1211; x_wconf 92' lang='lat' dir='ltr'>stro</span> <span class='ocrx_word' id='word_1_179' title='bbox 302 1185 419 1212; x_wconf 78' lang='lat' dir='ltr'>Henrico</span> <span class='ocrx_word' id='word_1_180' title='bbox 435 1184 495 1221; x_wconf 82' lang='lat' dir='ltr'>ejus</span> <span class='ocrx_word' id='word_1_181' title='bbox 511 1184 651 1214; x_wconf 84' lang='lat' dir='ltr'>Nominis</span> <span class='ocrx_word' id='word_1_182' title='bbox 667 1185 792 1222; x_wconf 65' lang='grc' dir='ltr'><strong><em>Οέῖατο,</em></strong></span> <span class='ocrx_word' id='word_1_183' title='bbox 811 1186 858 1215; x_wconf 88' lang='lat' dir='ltr'>cui</span> <span class='ocrx_word' id='word_1_184' title='bbox 873 1187 921 1214; x_wconf 90' lang='lat' dir='ltr'>uni</span> <span class='ocrx_word' id='word_1_185' title='bbox 938 1187 970 1215; x_wconf 83' lang='lat'>&amp;</span> <span class='ocrx_word' id='word_1_186' title='bbox 996 1186 1044 1215; x_wconf 90' lang='lat' dir='ltr'>soli</span> <span class='ocrx_word' id='word_1_187' title='bbox 1059 1185 1121 1224; x_wconf 90' lang='lat' dir='ltr'>post</span> <span class='ocrx_word' id='word_1_188' title='bbox 1138 1185 1287 1215; x_wconf 87' lang='lat' dir='ltr'>Christum</span> 
     </span>
     <span class='ocr_line' id='line_1_24' title="bbox 73 1218 1285 1264; baseline 0.004 -16"><span class='ocrx_word' id='word_1_189' title='bbox 73 1241 103 1264; x_wconf 88' lang='lat' dir='ltr'><em>H</em></span> <span class='ocrx_word' id='word_1_190' title='bbox 121 1222 144 1264; x_wconf 77' lang='lat'>&#39;3</span> <span class='ocrx_word' id='word_1_191' title='bbox 184 1220 189 1225; x_wconf 90' lang='lat'>&#39;</span> <span class='ocrx_word' id='word_1_192' title='bbox 221 1218 320 1258; x_wconf 88' lang='lat' dir='ltr'>Jesum</span> <span class='ocrx_word' id='word_1_193' title='bbox 336 1222 515 1253; x_wconf 85' lang='lat' dir='ltr'>Servatorem</span> <span class='ocrx_word' id='word_1_194' title='bbox 532 1222 660 1252; x_wconf 86' lang='lat' dir='ltr'>nostrum</span> <span class='ocrx_word' id='word_1_195' title='bbox 675 1223 810 1253; x_wconf 84' lang='lat' dir='ltr'>debemus</span> <span class='ocrx_word' id='word_1_196' title='bbox 827 1226 940 1261; x_wconf 80' lang='lat' dir='ltr'>omnia,</span> <span class='ocrx_word' id='word_1_197' title='bbox 961 1234 1019 1253; x_wconf 86' lang='lat' dir='ltr'>non</span> <span class='ocrx_word' id='word_1_198' title='bbox 1036 1225 1126 1253; x_wconf 84' lang='lat' dir='ltr'>modo</span> <span class='ocrx_word' id='word_1_199' title='bbox 1140 1225 1285 1253; x_wconf 88' lang='lat' dir='ltr'>omnimo-</span> 
     </span>
     <span class='ocr_line' id='line_1_25' title="bbox 73 1258 1286 1312; baseline 0.002 -24"><span class='ocrx_word' id='word_1_200' title='bbox 73 1259 202 1312; x_wconf 69' lang='lat' dir='ltr'>Ciatcj26</span> <span class='ocrx_word' id='word_1_201' title='bbox 229 1258 296 1289; x_wconf 88' lang='lat' dir='ltr'>darn</span> <span class='ocrx_word' id='word_1_202' title='bbox 313 1262 342 1290; x_wconf 90' lang='lat' dir='ltr'>in</span> <span class='ocrx_word' id='word_1_203' title='bbox 355 1260 471 1290; x_wconf 87' lang='lat' dir='ltr'>Christo</span> <span class='ocrx_word' id='word_1_204' title='bbox 491 1262 523 1292; x_wconf 89' lang='lat'>&amp;</span> <span class='ocrx_word' id='word_1_205' title='bbox 536 1260 655 1291; x_wconf 84' lang='lat' dir='ltr'>eandem</span> <span class='ocrx_word' id='word_1_206' title='bbox 670 1261 803 1292; x_wconf 75' lang='lat' dir='ltr'>sinceram</span> <span class='ocrx_word' id='word_1_207' title='bbox 825 1263 963 1300; x_wconf 78' lang='lat' dir='ltr'>integram</span> <span class='ocrx_word' id='word_1_208' title='bbox 978 1271 1197 1301; x_wconf 77' lang='lat' dir='ltr'>perpetuamque</span> <span class='ocrx_word' id='word_1_209' title='bbox 1212 1265 1286 1291; x_wconf 56' lang='lat' dir='ltr'>Ani&lt;</span> 
     </span>
     <span class='ocr_line' id='line_1_26' title="bbox 73 1298 1285 1341; baseline 0.002 -14"><span class='ocrx_word' id='word_1_210' title='bbox 73 1317 102 1340; x_wconf 75' lang='lat' dir='ltr'><em>H</em></span> <span class='ocrx_word' id='word_1_211' title='bbox 126 1298 159 1341; x_wconf 67' lang='lat'>8⁴</span> <span class='ocrx_word' id='word_1_212' title='bbox 206 1299 215 1320; x_wconf 84' lang='lat'>&#39;-</span> <span class='ocrx_word' id='word_1_213' title='bbox 232 1302 270 1327; x_wconf 86' lang='lat' dir='ltr'>mi</span> <span class='ocrx_word' id='word_1_214' title='bbox 292 1302 488 1338; x_wconf 77' lang='lat' dir='ltr'>Devotionem,</span> <span class='ocrx_word' id='word_1_215' title='bbox 512 1301 619 1336; x_wconf 82' lang='lat' dir='ltr'>Fidem,</span> <span class='ocrx_word' id='word_1_216' title='bbox 638 1299 869 1338; x_wconf 75' lang='lat' dir='ltr'>Observantiam,</span> <span class='ocrx_word' id='word_1_217' title='bbox 890 1303 1038 1337; x_wconf 75' lang='lat' dir='ltr'>Honorem,</span> <span class='ocrx_word' id='word_1_218' title='bbox 1057 1300 1182 1338; x_wconf 80' lang='lat' dir='ltr'>Cultum,</span> <span class='ocrx_word' id='word_1_219' title='bbox 1198 1304 1285 1330; x_wconf 83' lang='lat' dir='ltr'>Reve-</span> 
     </span>
     <span class='ocr_line' id='line_1_27' title="bbox 72 1336 1286 1382; baseline 0.004 -18"><span class='ocrx_word' id='word_1_220' title='bbox 72 1336 108 1380; x_wconf 69' lang='lat' dir='ltr'>m&#39;</span> <span class='ocrx_word' id='word_1_221' title='bbox 130 1337 153 1382; x_wconf 60' lang='grc' dir='ltr'>ι’</span> <span class='ocrx_word' id='word_1_222' title='bbox 191 1353 209 1381; x_wconf 70' lang='lat' dir='ltr'><em>d</em></span> <span class='ocrx_word' id='word_1_223' title='bbox 231 1341 348 1367; x_wconf 82' lang='lat' dir='ltr'>rentiam</span> <span class='ocrx_word' id='word_1_224' title='bbox 368 1337 553 1375; x_wconf 88' lang='lat' dir='ltr'>Praestemus,</span> <span class='ocrx_word' id='word_1_225' title='bbox 572 1338 616 1368; x_wconf 91' lang='lat' dir='ltr'>sed</span> <span class='ocrx_word' id='word_1_226' title='bbox 635 1339 717 1368; x_wconf 81' lang='lat' dir='ltr'>etiarn</span> <span class='ocrx_word' id='word_1_227' title='bbox 740 1340 775 1369; x_wconf 92' lang='lat' dir='ltr'>de</span> <span class='ocrx_word' id='word_1_228' title='bbox 789 1339 887 1369; x_wconf 86' lang='lat' dir='ltr'>eadem</span> <span class='ocrx_word' id='word_1_229' title='bbox 902 1338 970 1369; x_wconf 85' lang='lat' dir='ltr'>Fide</span> <span class='ocrx_word' id='word_1_230' title='bbox 985 1340 1018 1368; x_wconf 65' lang='grc' dir='ltr'>ὃς</span> <span class='ocrx_word' id='word_1_231' title='bbox 1033 1339 1215 1369; x_wconf 75' lang='lat' dir='ltr'>Observantia</span> <span class='ocrx_word' id='word_1_232' title='bbox 1232 1349 1286 1368; x_wconf 89' lang='lat' dir='ltr'>no-</span> 
     </span>
     <span class='ocr_line' id='line_1_28' title="bbox 78 1362 1288 1415; baseline 0.004 -12"><span class='ocrx_word' id='word_1_233' title='bbox 78 1380 79 1383; x_wconf 75' lang='grc'>’</span> <span class='ocrx_word' id='word_1_234' title='bbox 104 1373 110 1379; x_wconf 85' lang='grc'><strong>’</strong></span> <span class='ocrx_word' id='word_1_235' title='bbox 146 1362 175 1389; x_wconf 76' lang='lat'>5&#39;</span> <span class='ocrx_word' id='word_1_236' title='bbox 212 1374 281 1405; x_wconf 87' lang='lat' dir='ltr'>&#39;stra</span> <span class='ocrx_word' id='word_1_237' title='bbox 321 1377 461 1407; x_wconf 86' lang='lat' dir='ltr'>rationem</span> <span class='ocrx_word' id='word_1_238' title='bbox 485 1376 726 1415; x_wconf 76' lang='lat' dir='ltr'>quotienscunque</span> <span class='ocrx_word' id='word_1_239' title='bbox 761 1377 942 1415; x_wconf 84' lang='lat' dir='ltr'>postulabitur</span> <span class='ocrx_word' id='word_1_240' title='bbox 970 1377 1117 1408; x_wconf 85' lang='lat' dir='ltr'>reddamus</span> <span class='ocrx_word' id='word_1_241' title='bbox 1138 1379 1171 1410; x_wconf 87' lang='lat'>&amp;</span> <span class='ocrx_word' id='word_1_242' title='bbox 1195 1377 1288 1415; x_wconf 63' lang='lat' dir='ltr'>palem</span> 
     </span>
     <span class='ocr_line' id='line_1_29' title="bbox 228 1415 924 1454; baseline 0 -10"><span class='ocrx_word' id='word_1_243' title='bbox 228 1416 363 1445; x_wconf 86' lang='lat' dir='ltr'>omnibus</span> <span class='ocrx_word' id='word_1_244' title='bbox 379 1415 398 1445; x_wconf 78' lang='lat' dir='ltr'>si</span> <span class='ocrx_word' id='word_1_245' title='bbox 414 1425 454 1445; x_wconf 88' lang='lat' dir='ltr'>res</span> <span class='ocrx_word' id='word_1_246' title='bbox 467 1415 562 1452; x_wconf 88' lang='lat' dir='ltr'>poscat</span> <span class='ocrx_word' id='word_1_247' title='bbox 576 1415 758 1446; x_wconf 78' lang='lat' dir='ltr'>libentiffime</span> <span class='ocrx_word' id='word_1_248' title='bbox 773 1415 924 1454; x_wconf 84' lang='lat' dir='ltr'>testemur,</span> 
     </span>
    </p>

    <p class='ocr_par' dir='ltr' id='par_1_9' title="bbox 210 1452 1288 2568">
     <span class='ocr_line' id='line_1_30' title="bbox 260 1452 1288 1493; baseline 0.004 -11"><span class='ocrx_word' id='word_1_249' title='bbox 260 1452 409 1484; x_wconf 87' lang='lat' dir='ltr'>Noverint</span> <span class='ocrx_word' id='word_1_250' title='bbox 432 1452 565 1483; x_wconf 81' lang='lat' dir='ltr'>Universi</span> <span class='ocrx_word' id='word_1_251' title='bbox 589 1453 622 1483; x_wconf 87' lang='lat' dir='ltr'>ad</span> <span class='ocrx_word' id='word_1_252' title='bbox 646 1463 715 1492; x_wconf 84' lang='lat' dir='ltr'>quos</span> <span class='ocrx_word' id='word_1_253' title='bbox 735 1454 854 1491; x_wconf 77' lang='lat' dir='ltr'>praesens</span> <span class='ocrx_word' id='word_1_254' title='bbox 867 1453 1012 1492; x_wconf 83' lang='lat' dir='ltr'>Scriptum</span> <span class='ocrx_word' id='word_1_255' title='bbox 1027 1456 1184 1492; x_wconf 87' lang='lat' dir='ltr'>pervenerit</span> <span class='ocrx_word' id='word_1_256' title='bbox 1208 1456 1288 1493; x_wconf 84' lang='lat' dir='ltr'>quod</span> 
     </span>
     <span class='ocr_line' id='line_1_31' title="bbox 224 1490 1286 1530; baseline 0.002 -9"><span class='ocrx_word' id='word_1_257' title='bbox 224 1490 308 1529; x_wconf 90' lang='lat' dir='ltr'>Nos,</span> <span class='ocrx_word' id='word_1_258' title='bbox 326 1494 432 1521; x_wconf 88' lang='lat' dir='ltr'>Priores</span> <span class='ocrx_word' id='word_1_259' title='bbox 447 1490 485 1526; x_wconf 72' lang='lat'>&amp;¹</span> <span class='ocrx_word' id='word_1_260' title='bbox 502 1495 655 1521; x_wconf 80' lang='lat' dir='ltr'><em>Conventus</em></span> <span class='ocrx_word' id='word_1_261' title='bbox 670 1495 808 1530; x_wconf 79' lang='lat' dir='ltr'>Fratrum,</span> <span class='ocrx_word' id='word_1_262' title='bbox 824 1491 966 1529; x_wconf 84' lang='lat' dir='ltr'>videlicet,</span> <span class='ocrx_word' id='word_1_263' title='bbox 984 1494 1192 1523; x_wconf 76' lang='lat' dir='ltr'>Praedicatorum</span> <span class='ocrx_word' id='word_1_264' title='bbox 1208 1497 1286 1523; x_wconf 89' lang='lat' dir='ltr'>Lan-</span> 
     </span>
     <span class='ocr_line' id='line_1_32' title="bbox 221 1529 1287 1568; baseline 0.003 -10"><span class='ocrx_word' id='word_1_265' title='bbox 221 1529 295 1568; x_wconf 79' lang='lat' dir='ltr'>geley</span> <span class='ocrx_word' id='word_1_266' title='bbox 318 1532 396 1566; x_wconf 86' lang='lat' dir='ltr'>Regis</span> <span class='ocrx_word' id='word_1_267' title='bbox 413 1530 526 1559; x_wconf 78' lang='lat' dir='ltr'>Ordinis</span> <span class='ocrx_word' id='word_1_268' title='bbox 541 1531 636 1559; x_wconf 67' lang='lat' dir='ltr'>SanHi</span> <span class='ocrx_word' id='word_1_269' title='bbox 652 1533 799 1567; x_wconf 86' lang='lat' dir='ltr'>Dominici,</span> <span class='ocrx_word' id='word_1_270' title='bbox 820 1533 959 1559; x_wconf 77' lang='lat' dir='ltr'>Minorum</span> <span class='ocrx_word' id='word_1_271' title='bbox 976 1531 1008 1559; x_wconf 85' lang='lat' dir='ltr'>de</span> <span class='ocrx_word' id='word_1_272' title='bbox 1028 1532 1159 1568; x_wconf 77' lang='lat' dir='ltr'>Alisbury</span> <span class='ocrx_word' id='word_1_273' title='bbox 1174 1533 1287 1561; x_wconf 86' lang='lat' dir='ltr'>Ordinis</span> 
     </span>
     <span class='ocr_line' id='line_1_33' title="bbox 220 1567 1286 1608; baseline 0.003 -12"><span class='ocrx_word' id='word_1_274' title='bbox 220 1568 316 1596; x_wconf 69' lang='lat' dir='ltr'>Sancti</span> <span class='ocrx_word' id='word_1_275' title='bbox 340 1567 489 1606; x_wconf 72' lang='lat' dir='ltr'>Francisci,</span> <span class='ocrx_word' id='word_1_276' title='bbox 510 1568 720 1598; x_wconf 79' lang='lat' dir='ltr'>Praedicatorum</span> <span class='ocrx_word' id='word_1_277' title='bbox 743 1568 907 1606; x_wconf 75' lang='lat' dir='ltr'>Dunstopliae</span> <span class='ocrx_word' id='word_1_278' title='bbox 931 1569 1043 1598; x_wconf 77' lang='lat' dir='ltr'>Ordinis</span> <span class='ocrx_word' id='word_1_279' title='bbox 1061 1571 1206 1608; x_wconf 63' lang='lat' dir='ltr'>antedilli,</span> <span class='ocrx_word' id='word_1_280' title='bbox 1225 1574 1286 1599; x_wconf 74' lang='lat' dir='ltr'>lm-</span> 
     </span>
     <span class='ocr_line' id='line_1_34' title="bbox 221 1605 1284 1644; baseline 0.003 -9"><span class='ocrx_word' id='word_1_281' title='bbox 221 1616 313 1635; x_wconf 81' lang='lat' dir='ltr'>norum</span> <span class='ocrx_word' id='word_1_282' title='bbox 335 1606 368 1635; x_wconf 82' lang='lat' dir='ltr'>de</span> <span class='ocrx_word' id='word_1_283' title='bbox 391 1605 514 1643; x_wconf 82' lang='lat' dir='ltr'>Bedford</span> <span class='ocrx_word' id='word_1_284' title='bbox 531 1607 641 1635; x_wconf 75' lang='lat' dir='ltr'>Ordinis</span> <span class='ocrx_word' id='word_1_285' title='bbox 663 1607 757 1636; x_wconf 63' lang='lat' dir='ltr'>Sandi‘i</span> <span class='ocrx_word' id='word_1_286' title='bbox 770 1606 919 1644; x_wconf 65' lang='lat' dir='ltr'>Francisl‘i,</span> <span class='ocrx_word' id='word_1_287' title='bbox 937 1611 1064 1637; x_wconf 82' lang='lat' dir='ltr'>Fratrum</span> <span class='ocrx_word' id='word_1_288' title='bbox 1078 1608 1284 1638; x_wconf 84' lang='lat' dir='ltr'>Carmelitarum</span> 
     </span>
     <span class='ocr_line' id='line_1_35' title="bbox 221 1643 1280 1682; baseline 0.004 -10"><span class='ocrx_word' id='word_1_289' title='bbox 221 1643 253 1672; x_wconf 86' lang='lat' dir='ltr'>de</span> <span class='ocrx_word' id='word_1_290' title='bbox 267 1643 408 1681; x_wconf 74' lang='lat' dir='ltr'>Hechynge</span> <span class='ocrx_word' id='word_1_291' title='bbox 421 1645 533 1674; x_wconf 81' lang='lat' dir='ltr'>Ordinis</span> <span class='ocrx_word' id='word_1_292' title='bbox 548 1645 636 1674; x_wconf 79' lang='lat' dir='ltr'>beatae</span> <span class='ocrx_word' id='word_1_293' title='bbox 653 1648 772 1682; x_wconf 79' lang='lat' dir='ltr'>Mariae,</span> <span class='ocrx_word' id='word_1_294' title='bbox 792 1648 929 1674; x_wconf 63' lang='lat' dir='ltr'>Motorum</span> <span class='ocrx_word' id='word_1_295' title='bbox 942 1645 973 1674; x_wconf 84' lang='lat' dir='ltr'>cle</span> <span class='ocrx_word' id='word_1_296' title='bbox 988 1648 1071 1675; x_wconf 81' lang='lat' dir='ltr'>Ware</span> <span class='ocrx_word' id='word_1_297' title='bbox 1086 1648 1198 1676; x_wconf 81' lang='lat' dir='ltr'>Ordinis</span> <span class='ocrx_word' id='word_1_298' title='bbox 1212 1651 1280 1677; x_wconf 86' lang='lat' dir='ltr'>San—</span> 
     </span>
     <span class='ocr_line' id='line_1_36' title="bbox 210 1683 1283 1723; baseline 0.006 -13"><span class='ocrx_word' id='word_1_299' title='bbox 210 1683 260 1711; x_wconf 59' lang='lat'>›231&#39;</span> <span class='ocrx_word' id='word_1_300' title='bbox 281 1683 430 1722; x_wconf 77' lang='lat' dir='ltr'>Francisc&#39;i,</span> <span class='ocrx_word' id='word_1_301' title='bbox 451 1694 510 1714; x_wconf 88' lang='lat' dir='ltr'>uno</span> <span class='ocrx_word' id='word_1_302' title='bbox 525 1684 587 1713; x_wconf 89' lang='lat' dir='ltr'>Ore</span> <span class='ocrx_word' id='word_1_303' title='bbox 602 1685 635 1715; x_wconf 86' lang='lat'>&amp;</span> <span class='ocrx_word' id='word_1_304' title='bbox 655 1683 739 1714; x_wconf 87' lang='lat' dir='ltr'>Voce</span> <span class='ocrx_word' id='word_1_305' title='bbox 753 1691 837 1721; x_wconf 85' lang='lat' dir='ltr'>atque</span> <span class='ocrx_word' id='word_1_306' title='bbox 851 1684 976 1713; x_wconf 86' lang='lat' dir='ltr'>unanimi</span> <span class='ocrx_word' id='word_1_307' title='bbox 991 1685 1125 1714; x_wconf 87' lang='lat' dir='ltr'>omniurn</span> <span class='ocrx_word' id='word_1_308' title='bbox 1141 1686 1173 1715; x_wconf 66' lang='grc' dir='ltr'>ὃς</span> <span class='ocrx_word' id='word_1_309' title='bbox 1191 1686 1283 1723; x_wconf 82' lang='lat' dir='ltr'>singu-</span> 
     </span>
     <span class='ocr_line' id='line_1_37' title="bbox 217 1720 1280 1761; baseline 0.004 -11"><span class='ocrx_word' id='word_1_310' title='bbox 217 1720 309 1751; x_wconf 87' lang='lat' dir='ltr'>lorum</span> <span class='ocrx_word' id='word_1_311' title='bbox 326 1720 471 1752; x_wconf 86' lang='lat' dir='ltr'>Consensu</span> <span class='ocrx_word' id='word_1_312' title='bbox 488 1722 520 1752; x_wconf 64' lang='grc' dir='ltr'>ὃς</span> <span class='ocrx_word' id='word_1_313' title='bbox 537 1721 665 1760; x_wconf 82' lang='lat' dir='ltr'>Affensu,</span> <span class='ocrx_word' id='word_1_314' title='bbox 683 1722 741 1752; x_wconf 89' lang='lat' dir='ltr'>hoc</span> <span class='ocrx_word' id='word_1_315' title='bbox 757 1721 870 1760; x_wconf 90' lang='lat' dir='ltr'>Scripto</span> <span class='ocrx_word' id='word_1_316' title='bbox 885 1721 983 1751; x_wconf 82' lang='lat' dir='ltr'>nostro</span> <span class='ocrx_word' id='word_1_317' title='bbox 998 1722 1048 1751; x_wconf 89' lang='lat' dir='ltr'>sub</span> <span class='ocrx_word' id='word_1_318' title='bbox 1064 1722 1164 1761; x_wconf 81' lang='lat' dir='ltr'>Sigillis</span> <span class='ocrx_word' id='word_1_319' title='bbox 1179 1724 1280 1754; x_wconf 87' lang='lat' dir='ltr'>nostris</span> 
     </span>
     <span class='ocr_line' id='line_1_38' title="bbox 222 1759 1280 1801; baseline 0.004 -12"><span class='ocrx_word' id='word_1_320' title='bbox 222 1761 425 1790; x_wconf 85' lang='lat' dir='ltr'>communibus</span> <span class='ocrx_word' id='word_1_321' title='bbox 448 1761 477 1790; x_wconf 83' lang='lat' dir='ltr'>in</span> <span class='ocrx_word' id='word_1_322' title='bbox 502 1759 648 1791; x_wconf 90' lang='lat' dir='ltr'>Domibus</span> <span class='ocrx_word' id='word_1_323' title='bbox 670 1761 770 1790; x_wconf 84' lang='lat' dir='ltr'>nostris</span> <span class='ocrx_word' id='word_1_324' title='bbox 791 1760 996 1798; x_wconf 80' lang='lat' dir='ltr'>Capitularibus</span> <span class='ocrx_word' id='word_1_325' title='bbox 1017 1760 1115 1801; x_wconf 70' lang='lat' dir='ltr'>Dato,</span> <span class='ocrx_word' id='word_1_326' title='bbox 1136 1771 1186 1801; x_wconf 88' lang='lat' dir='ltr'>pro</span> <span class='ocrx_word' id='word_1_327' title='bbox 1209 1763 1280 1793; x_wconf 92' lang='lat' dir='ltr'>No-</span> 
     </span>
     <span class='ocr_line' id='line_1_39' title="bbox 214 1798 1280 1838; baseline 0.004 -10"><span class='ocrx_word' id='word_1_328' title='bbox 214 1798 260 1828; x_wconf 83' lang='lat' dir='ltr'>bis</span> <span class='ocrx_word' id='word_1_329' title='bbox 276 1799 309 1829; x_wconf 92' lang='lat'>&amp;</span> <span class='ocrx_word' id='word_1_330' title='bbox 323 1798 536 1829; x_wconf 80' lang='lat' dir='ltr'>Succefforibus</span> <span class='ocrx_word' id='word_1_331' title='bbox 553 1799 652 1829; x_wconf 82' lang='lat' dir='ltr'>nostris</span> <span class='ocrx_word' id='word_1_332' title='bbox 665 1800 799 1829; x_wconf 83' lang='lat' dir='ltr'>omnibus</span> <span class='ocrx_word' id='word_1_333' title='bbox 813 1800 845 1829; x_wconf 90' lang='lat'>&amp;</span> <span class='ocrx_word' id='word_1_334' title='bbox 862 1799 974 1836; x_wconf 82' lang='lat' dir='ltr'>singulis</span> <span class='ocrx_word' id='word_1_335' title='bbox 990 1800 1198 1838; x_wconf 75' lang='lat' dir='ltr'>imperpetuum</span> <span class='ocrx_word' id='word_1_336' title='bbox 1208 1801 1280 1832; x_wconf 85' lang='lat' dir='ltr'>Pro-</span> 
     </span>
     <span class='ocr_line' id='line_1_40' title="bbox 223 1836 1283 1878; baseline 0.005 -12"><span class='ocrx_word' id='word_1_337' title='bbox 223 1836 354 1874; x_wconf 84' lang='lat' dir='ltr'>fitemur,</span> <span class='ocrx_word' id='word_1_338' title='bbox 371 1837 545 1875; x_wconf 86' lang='lat' dir='ltr'>Testamur,</span> <span class='ocrx_word' id='word_1_339' title='bbox 562 1848 594 1868; x_wconf 88' lang='lat' dir='ltr'>ac</span> <span class='ocrx_word' id='word_1_340' title='bbox 606 1837 725 1868; x_wconf 87' lang='lat' dir='ltr'>fideliter</span> <span class='ocrx_word' id='word_1_341' title='bbox 741 1838 937 1868; x_wconf 78' lang='lat' dir='ltr'>promittimus</span> <span class='ocrx_word' id='word_1_342' title='bbox 949 1839 980 1868; x_wconf 66' lang='grc' dir='ltr'>ὃς</span> <span class='ocrx_word' id='word_1_343' title='bbox 997 1838 1195 1878; x_wconf 83' lang='lat' dir='ltr'>Spondemus,</span> <span class='ocrx_word' id='word_1_344' title='bbox 1214 1841 1283 1871; x_wconf 88' lang='lat' dir='ltr'>Nos</span> 
     </span>
     <span class='ocr_line' id='line_1_41' title="bbox 219 1875 1280 1917; baseline 0.004 -12"><span class='ocrx_word' id='word_1_345' title='bbox 219 1876 315 1906; x_wconf 72' lang='lat' dir='ltr'>dietos</span> <span class='ocrx_word' id='word_1_346' title='bbox 331 1879 436 1906; x_wconf 78' lang='lat' dir='ltr'>Priores</span> <span class='ocrx_word' id='word_1_347' title='bbox 446 1875 483 1911; x_wconf 54' lang='grc' dir='ltr'>ό</span> <span class='ocrx_word' id='word_1_348' title='bbox 499 1879 651 1906; x_wconf 82' lang='lat' dir='ltr'>Conventus</span> <span class='ocrx_word' id='word_1_349' title='bbox 665 1877 698 1906; x_wconf 90' lang='lat'>&amp;</span> <span class='ocrx_word' id='word_1_350' title='bbox 712 1876 892 1907; x_wconf 82' lang='lat' dir='ltr'>Success&#39;ores</span> <span class='ocrx_word' id='word_1_351' title='bbox 903 1876 1015 1906; x_wconf 82' lang='lat' dir='ltr'>nostros</span> <span class='ocrx_word' id='word_1_352' title='bbox 1028 1887 1128 1908; x_wconf 75' lang='lat' dir='ltr'>omnes</span> <span class='ocrx_word' id='word_1_353' title='bbox 1143 1881 1175 1909; x_wconf 85' lang='lat'>&amp;</span> <span class='ocrx_word' id='word_1_354' title='bbox 1190 1880 1280 1917; x_wconf 76' lang='lat' dir='ltr'>lingu-</span> 
     </span>
     <span class='ocr_line' id='line_1_42' title="bbox 219 1913 1281 1955; baseline 0.005 -13"><span class='ocrx_word' id='word_1_355' title='bbox 219 1913 278 1950; x_wconf 83' lang='lat' dir='ltr'>los,</span> <span class='ocrx_word' id='word_1_356' title='bbox 296 1915 433 1953; x_wconf 73' lang='lat' dir='ltr'>integram</span> <span class='ocrx_word' id='word_1_357' title='bbox 455 1915 616 1944; x_wconf 75' lang='lat' dir='ltr'>inviolatam</span> <span class='ocrx_word' id='word_1_358' title='bbox 637 1914 773 1944; x_wconf 88' lang='lat' dir='ltr'>finceram</span> <span class='ocrx_word' id='word_1_359' title='bbox 789 1923 1006 1952; x_wconf 77' lang='lat' dir='ltr'>perpetuamque</span> <span class='ocrx_word' id='word_1_360' title='bbox 1022 1917 1112 1944; x_wconf 79' lang='lat' dir='ltr'>deem</span> <span class='ocrx_word' id='word_1_361' title='bbox 1123 1916 1281 1955; x_wconf 68' lang='lat' dir='ltr'>Observan-</span> 
     </span>
     <span class='ocr_line' id='line_1_43' title="bbox 221 1952 1281 1995; baseline 0.005 -14"><span class='ocrx_word' id='word_1_362' title='bbox 221 1955 290 1981; x_wconf 81' lang='lat' dir='ltr'>tiam</span> <span class='ocrx_word' id='word_1_363' title='bbox 312 1952 350 1987; x_wconf 63' lang='grc' dir='ltr'>ὠ»</span> <span class='ocrx_word' id='word_1_364' title='bbox 376 1952 564 1982; x_wconf 78' lang='lat' dir='ltr'>obedientiam</span> <span class='ocrx_word' id='word_1_365' title='bbox 586 1953 694 1990; x_wconf 78' lang='lat' dir='ltr'>semper</span> <span class='ocrx_word' id='word_1_366' title='bbox 711 1952 886 1991; x_wconf 72' lang='lat' dir='ltr'>praestaturos</span> <span class='ocrx_word' id='word_1_367' title='bbox 901 1962 964 1990; x_wconf 81' lang='lat' dir='ltr'>erga</span> <span class='ocrx_word' id='word_1_368' title='bbox 985 1952 1149 1983; x_wconf 87' lang='lat' dir='ltr'>Dominum</span> <span class='ocrx_word' id='word_1_369' title='bbox 1167 1955 1281 1995; x_wconf 84' lang='lat' dir='ltr'>Regem</span> 
     </span>
     <span class='ocr_line' id='line_1_44' title="bbox 221 1990 1282 2030; baseline 0.003 -10"><span class='ocrx_word' id='word_1_370' title='bbox 221 1990 353 2021; x_wconf 79' lang='lat' dir='ltr'>nostrum</span> <span class='ocrx_word' id='word_1_371' title='bbox 371 1994 517 2020; x_wconf 77' lang='lat' dir='ltr'>Henrtcum</span> <span class='ocrx_word' id='word_1_372' title='bbox 532 1992 670 2020; x_wconf 65' lang='lat' dir='ltr'>Octavum</span> <span class='ocrx_word' id='word_1_373' title='bbox 684 2014 693 2029; x_wconf 83' lang='lat'>,</span> <span class='ocrx_word' id='word_1_374' title='bbox 710 1993 742 2023; x_wconf 82' lang='lat'>&amp;</span> <span class='ocrx_word' id='word_1_375' title='bbox 757 2000 821 2030; x_wconf 87' lang='lat' dir='ltr'>erga</span> <span class='ocrx_word' id='word_1_376' title='bbox 836 1990 1044 2021; x_wconf 85' lang='lat' dir='ltr'>Sereniffimam</span> <span class='ocrx_word' id='word_1_377' title='bbox 1060 1992 1202 2030; x_wconf 82' lang='lat' dir='ltr'>Reginam</span> <span class='ocrx_word' id='word_1_378' title='bbox 1215 1997 1282 2023; x_wconf 86' lang='lat' dir='ltr'>An-</span> 
     </span>
     <span class='ocr_line' id='line_1_45' title="bbox 218 2029 1281 2069; baseline 0.004 -10"><span class='ocrx_word' id='word_1_379' title='bbox 218 2040 282 2059; x_wconf 84' lang='lat' dir='ltr'>nam</span> <span class='ocrx_word' id='word_1_380' title='bbox 301 2029 432 2060; x_wconf 81' lang='lat' dir='ltr'>Uxorem</span> <span class='ocrx_word' id='word_1_381' title='bbox 450 2030 590 2068; x_wconf 75' lang='lat' dir='ltr'>ejusdem,</span> <span class='ocrx_word' id='word_1_382' title='bbox 609 2031 641 2060; x_wconf 85' lang='lat'>&amp;</span> <span class='ocrx_word' id='word_1_383' title='bbox 658 2039 719 2069; x_wconf 76' lang='lat' dir='ltr'>erga</span> <span class='ocrx_word' id='word_1_384' title='bbox 736 2030 847 2059; x_wconf 85' lang='lat' dir='ltr'>castum</span> <span class='ocrx_word' id='word_1_385' title='bbox 860 2029 1044 2067; x_wconf 70' lang='lat' dir='ltr'>sanc‘tutnque</span> <span class='ocrx_word' id='word_1_386' title='bbox 1061 2029 1281 2063; x_wconf 79' lang='lat' dir='ltr'>Matrimonium</span> 
     </span>
     <span class='ocr_line' id='line_1_46' title="bbox 219 2067 1281 2106; baseline 0.004 -9"><span class='ocrx_word' id='word_1_387' title='bbox 219 2077 306 2105; x_wconf 83' lang='lat' dir='ltr'>nuper</span> <span class='ocrx_word' id='word_1_388' title='bbox 320 2078 378 2097; x_wconf 90' lang='lat' dir='ltr'>non</span> <span class='ocrx_word' id='word_1_389' title='bbox 394 2069 481 2097; x_wconf 89' lang='lat' dir='ltr'>solum</span> <span class='ocrx_word' id='word_1_390' title='bbox 499 2069 571 2098; x_wconf 83' lang='lat' dir='ltr'>inter</span> <span class='ocrx_word' id='word_1_391' title='bbox 590 2067 711 2098; x_wconf 85' lang='lat' dir='ltr'>Eosdem</span> <span class='ocrx_word' id='word_1_392' title='bbox 726 2067 802 2106; x_wconf 85' lang='lat' dir='ltr'>juste</span> <span class='ocrx_word' id='word_1_393' title='bbox 817 2069 1000 2105; x_wconf 82' lang='lat' dir='ltr'>&amp;legittime</span> <span class='ocrx_word' id='word_1_394' title='bbox 1016 2069 1206 2101; x_wconf 65' lang='lat' dir='ltr'>Contradtum</span> <span class='ocrx_word' id='word_1_395' title='bbox 1223 2071 1281 2102; x_wconf 78' lang='lat' dir='ltr'>Ra-</span> 
     </span>
     <span class='ocr_line' id='line_1_47' title="bbox 220 2106 1286 2143; baseline 0.003 -7"><span class='ocrx_word' id='word_1_396' title='bbox 220 2115 283 2136; x_wconf 90' lang='lat' dir='ltr'>tum</span> <span class='ocrx_word' id='word_1_397' title='bbox 301 2109 333 2139; x_wconf 85' lang='lat'>&amp;</span> <span class='ocrx_word' id='word_1_398' title='bbox 352 2106 611 2143; x_wconf 84' lang='lat' dir='ltr'>Cotisummatum,</span> <span class='ocrx_word' id='word_1_399' title='bbox 630 2107 674 2137; x_wconf 88' lang='lat' dir='ltr'>sed</span> <span class='ocrx_word' id='word_1_400' title='bbox 691 2108 774 2136; x_wconf 81' lang='lat' dir='ltr'>etiarn</span> <span class='ocrx_word' id='word_1_401' title='bbox 790 2115 846 2137; x_wconf 85' lang='lat' dir='ltr'>tam</span> <span class='ocrx_word' id='word_1_402' title='bbox 862 2108 890 2137; x_wconf 87' lang='lat' dir='ltr'>in</span> <span class='ocrx_word' id='word_1_403' title='bbox 907 2106 1026 2138; x_wconf 81' lang='lat' dir='ltr'>Duabus</span> <span class='ocrx_word' id='word_1_404' title='bbox 1044 2110 1286 2140; x_wconf 75' lang='lat' dir='ltr'>Convocationibus</span> 
     </span>
     <span class='ocr_line' id='line_1_48' title="bbox 221 2145 1283 2186; baseline 0.004 -13"><span class='ocrx_word' id='word_1_405' title='bbox 221 2145 294 2174; x_wconf 71' lang='lat' dir='ltr'>Cleri</span> <span class='ocrx_word' id='word_1_406' title='bbox 310 2147 397 2183; x_wconf 62' lang='lat' dir='ltr'>quem</span> <span class='ocrx_word' id='word_1_407' title='bbox 414 2147 442 2174; x_wconf 92' lang='lat' dir='ltr'>in</span> <span class='ocrx_word' id='word_1_408' title='bbox 463 2145 646 2175; x_wconf 82' lang='lat' dir='ltr'>Parliamento</span> <span class='ocrx_word' id='word_1_409' title='bbox 662 2149 835 2174; x_wconf 86' lang='lat' dir='ltr'>Dominorum</span> <span class='ocrx_word' id='word_1_410' title='bbox 849 2145 1035 2183; x_wconf 83' lang='lat' dir='ltr'>Spiritualium</span> <span class='ocrx_word' id='word_1_411' title='bbox 1048 2146 1283 2186; x_wconf 76' lang='lat' dir='ltr'>&amp;Temporalium</span> 
     </span>
     <span class='ocr_line' id='line_1_49' title="bbox 221 2183 1282 2223; baseline 0.003 -9"><span class='ocrx_word' id='word_1_412' title='bbox 221 2193 304 2222; x_wconf 85' lang='lat' dir='ltr'>atque</span> <span class='ocrx_word' id='word_1_413' title='bbox 326 2187 506 2213; x_wconf 77' lang='lat' dir='ltr'>Communium</span> <span class='ocrx_word' id='word_1_414' title='bbox 526 2195 554 2212; x_wconf 86' lang='lat' dir='ltr'>in</span> <span class='ocrx_word' id='word_1_415' title='bbox 571 2184 675 2214; x_wconf 90' lang='lat' dir='ltr'>eodem</span> <span class='ocrx_word' id='word_1_416' title='bbox 692 2183 880 2214; x_wconf 89' lang='lat' dir='ltr'>Parliamento</span> <span class='ocrx_word' id='word_1_417' title='bbox 895 2183 1140 2223; x_wconf 76' lang='lat' dir='ltr'>Congregatorum</span> <span class='ocrx_word' id='word_1_418' title='bbox 1159 2188 1191 2217; x_wconf 71' lang='grc' dir='ltr'>ὅ(</span> <span class='ocrx_word' id='word_1_419' title='bbox 1206 2187 1282 2217; x_wconf 73' lang='grc' dir='ltr'>Ρι·εε-</span> 
     </span>
     <span class='ocr_line' id='line_1_50' title="bbox 220 2221 1284 2264; baseline 0.002 -12"><span class='ocrx_word' id='word_1_420' title='bbox 220 2223 341 2252; x_wconf 83' lang='lat' dir='ltr'>sentium</span> <span class='ocrx_word' id='word_1_421' title='bbox 371 2223 617 2259; x_wconf 69' lang='lat' dir='ltr'>Determinatum‚</span> <span class='ocrx_word' id='word_1_422' title='bbox 637 2224 669 2253; x_wconf 85' lang='lat'>&amp;</span> <span class='ocrx_word' id='word_1_423' title='bbox 695 2232 742 2259; x_wconf 87' lang='lat' dir='ltr'>per</span> <span class='ocrx_word' id='word_1_424' title='bbox 763 2221 890 2252; x_wconf 80' lang='lat' dir='ltr'>Thomam</span> <span class='ocrx_word' id='word_1_425' title='bbox 907 2225 1083 2253; x_wconf 66' lang='lat' dir='ltr'>cantuarien.</span> <span class='ocrx_word' id='word_1_426' title='bbox 1099 2224 1284 2264; x_wconf 74' lang='lat' dir='ltr'>Archiepifio-</span> 
     </span>
     <span class='ocr_line' id='line_1_51' title="bbox 216 2260 1280 2302; baseline 0.006 -14"><span class='ocrx_word' id='word_1_427' title='bbox 216 2270 279 2299; x_wconf 70' lang='lat' dir='ltr'>pum</span> <span class='ocrx_word' id='word_1_428' title='bbox 294 2260 456 2291; x_wconf 82' lang='lat' dir='ltr'>solemniter</span> <span class='ocrx_word' id='word_1_429' title='bbox 472 2260 686 2290; x_wconf 66' lang='lat' dir='ltr'>Confirmatum</span> <span class='ocrx_word' id='word_1_430' title='bbox 696 2284 706 2299; x_wconf 92' lang='lat'>,</span> <span class='ocrx_word' id='word_1_431' title='bbox 720 2261 751 2291; x_wconf 92' lang='lat'>&amp;</span> <span class='ocrx_word' id='word_1_432' title='bbox 761 2269 822 2299; x_wconf 85' lang='lat' dir='ltr'>erga</span> <span class='ocrx_word' id='word_1_433' title='bbox 837 2270 1046 2300; x_wconf 84' lang='lat' dir='ltr'>quamcumque</span> <span class='ocrx_word' id='word_1_434' title='bbox 1062 2263 1144 2292; x_wconf 86' lang='lat' dir='ltr'>aliam</span> <span class='ocrx_word' id='word_1_435' title='bbox 1159 2264 1280 2302; x_wconf 88' lang='lat' dir='ltr'>ejusdem</span> 
     </span>
     <span class='ocr_line' id='line_1_52' title="bbox 221 2298 1282 2338; baseline 0.003 -8"><span class='ocrx_word' id='word_1_436' title='bbox 221 2303 334 2330; x_wconf 81' lang='lat' dir='ltr'>chrici</span> <span class='ocrx_word' id='word_1_437' title='bbox 344 2302 420 2335; x_wconf 68' lang='lat' dir='ltr'>Regis</span> <span class='ocrx_word' id='word_1_438' title='bbox 435 2299 524 2329; x_wconf 81' lang='lat' dir='ltr'>nostri</span> <span class='ocrx_word' id='word_1_439' title='bbox 542 2298 672 2328; x_wconf 73' lang='lat' dir='ltr'>Uxorem</span> <span class='ocrx_word' id='word_1_440' title='bbox 689 2299 753 2335; x_wconf 88' lang='lat' dir='ltr'>post</span> <span class='ocrx_word' id='word_1_441' title='bbox 780 2299 910 2329; x_wconf 86' lang='lat' dir='ltr'>Mortem</span> <span class='ocrx_word' id='word_1_442' title='bbox 935 2300 1077 2338; x_wconf 69' lang='lat' dir='ltr'>praedietae</span> <span class='ocrx_word' id='word_1_443' title='bbox 1094 2305 1188 2331; x_wconf 79' lang='lat' dir='ltr'>Annae</span> <span class='ocrx_word' id='word_1_444' title='bbox 1206 2313 1282 2333; x_wconf 89' lang='lat' dir='ltr'>nunc</span> 
     </span>
     <span class='ocr_line' id='line_1_53' title="bbox 219 2337 1282 2375; baseline 0.004 -9"><span class='ocrx_word' id='word_1_445' title='bbox 219 2337 328 2367; x_wconf 80' lang='lat' dir='ltr'>Uxoris</span> <span class='ocrx_word' id='word_1_446' title='bbox 343 2338 396 2367; x_wconf 69' lang='lat' dir='ltr'>suze</span> <span class='ocrx_word' id='word_1_447' title='bbox 412 2339 552 2373; x_wconf 74' lang='lat' dir='ltr'>legittime</span> <span class='ocrx_word' id='word_1_448' title='bbox 567 2337 745 2375; x_wconf 77' lang='lat' dir='ltr'>ducendam,</span> <span class='ocrx_word' id='word_1_449' title='bbox 763 2339 794 2367; x_wconf 70' lang='grc' dir='ltr'>ὃ(</span> <span class='ocrx_word' id='word_1_450' title='bbox 810 2347 873 2375; x_wconf 83' lang='lat' dir='ltr'>erga</span> <span class='ocrx_word' id='word_1_451' title='bbox 887 2337 1004 2367; x_wconf 79' lang='lat' dir='ltr'>Soholem</span> <span class='ocrx_word' id='word_1_452' title='bbox 1020 2339 1087 2368; x_wconf 66' lang='lat' dir='ltr'>disti</span> <span class='ocrx_word' id='word_1_453' title='bbox 1098 2339 1221 2370; x_wconf 88' lang='lat' dir='ltr'>Domini</span> <span class='ocrx_word' id='word_1_454' title='bbox 1230 2344 1282 2370; x_wconf 86' lang='lat' dir='ltr'>Re—</span> 
     </span>
     <span class='ocr_line' id='line_1_54' title="bbox 216 2376 1286 2417; baseline 0.004 -12"><span class='ocrx_word' id='word_1_455' title='bbox 216 2379 258 2414; x_wconf 84' lang='lat' dir='ltr'>gis</span> <span class='ocrx_word' id='word_1_456' title='bbox 274 2378 385 2406; x_wconf 83' lang='lat' dir='ltr'>Henrici</span> <span class='ocrx_word' id='word_1_457' title='bbox 406 2385 439 2405; x_wconf 81' lang='lat' dir='ltr'>ex</span> <span class='ocrx_word' id='word_1_458' title='bbox 456 2376 587 2412; x_wconf 54' lang='lat' dir='ltr'>praedifta</span> <span class='ocrx_word' id='word_1_459' title='bbox 606 2379 694 2404; x_wconf 87' lang='lat' dir='ltr'>Anna</span> <span class='ocrx_word' id='word_1_460' title='bbox 708 2376 848 2413; x_wconf 77' lang='lat' dir='ltr'>legittime</span> <span class='ocrx_word' id='word_1_461' title='bbox 865 2384 923 2405; x_wconf 86' lang='lat' dir='ltr'>tam</span> <span class='ocrx_word' id='word_1_462' title='bbox 938 2379 1113 2415; x_wconf 84' lang='lat' dir='ltr'>progenitam</span> <span class='ocrx_word' id='word_1_463' title='bbox 1122 2380 1206 2415; x_wconf 62' lang='lat' dir='ltr'>quem</span> <span class='ocrx_word' id='word_1_464' title='bbox 1216 2389 1286 2417; x_wconf 88' lang='lat' dir='ltr'>pro-</span> 
     </span>
     <span class='ocr_line' id='line_1_55' title="bbox 216 2414 1282 2456; baseline 0.004 -12"><span class='ocrx_word' id='word_1_465' title='bbox 216 2414 404 2451; x_wconf 75' lang='lat' dir='ltr'>generandam</span> <span class='ocrx_word' id='word_1_466' title='bbox 414 2436 422 2450; x_wconf 88' lang='lat'>,</span> <span class='ocrx_word' id='word_1_467' title='bbox 438 2414 471 2444; x_wconf 90' lang='lat'><strong>&amp;</strong></span> <span class='ocrx_word' id='word_1_468' title='bbox 488 2423 550 2452; x_wconf 82' lang='lat' dir='ltr'>erga</span> <span class='ocrx_word' id='word_1_469' title='bbox 560 2414 696 2443; x_wconf 83' lang='lat' dir='ltr'>Sobolem</span> <span class='ocrx_word' id='word_1_470' title='bbox 709 2414 779 2444; x_wconf 69' lang='lat' dir='ltr'>dieti</span> <span class='ocrx_word' id='word_1_471' title='bbox 790 2417 898 2443; x_wconf 81' lang='lat' dir='ltr'>Domini</span> <span class='ocrx_word' id='word_1_472' title='bbox 913 2417 989 2451; x_wconf 81' lang='lat' dir='ltr'>Regis</span> <span class='ocrx_word' id='word_1_473' title='bbox 1003 2424 1034 2444; x_wconf 77' lang='lat' dir='ltr'>ex</span> <span class='ocrx_word' id='word_1_474' title='bbox 1045 2416 1093 2445; x_wconf 81' lang='lat' dir='ltr'>alia</span> <span class='ocrx_word' id='word_1_475' title='bbox 1103 2426 1282 2456; x_wconf 86' lang='lat' dir='ltr'>quacumque</span> 
     </span>
     <span class='ocr_line' id='line_1_56' title="bbox 218 2451 1283 2494; baseline 0.003 -11"><span class='ocrx_word' id='word_1_476' title='bbox 218 2453 354 2492; x_wconf 85' lang='lat' dir='ltr'>legittima</span> <span class='ocrx_word' id='word_1_477' title='bbox 380 2452 484 2482; x_wconf 86' lang='lat' dir='ltr'>Uxore</span> <span class='ocrx_word' id='word_1_478' title='bbox 510 2452 574 2489; x_wconf 88' lang='lat' dir='ltr'>post</span> <span class='ocrx_word' id='word_1_479' title='bbox 600 2451 732 2482; x_wconf 80' lang='lat' dir='ltr'>Mortem</span> <span class='ocrx_word' id='word_1_480' title='bbox 752 2451 867 2491; x_wconf 76' lang='lat' dir='ltr'>ejusdem</span> <span class='ocrx_word' id='word_1_481' title='bbox 881 2455 978 2482; x_wconf 82' lang='lat' dir='ltr'>Annae</span> <span class='ocrx_word' id='word_1_482' title='bbox 993 2453 1129 2492; x_wconf 74' lang='lat' dir='ltr'>legittime</span> <span class='ocrx_word' id='word_1_483' title='bbox 1146 2464 1283 2494; x_wconf 89' lang='lat' dir='ltr'>progene-</span> 
     </span>
     <span class='ocr_line' id='line_1_57' title="bbox 220 2490 1283 2530; baseline 0.005 -9"><span class='ocrx_word' id='word_1_484' title='bbox 220 2492 355 2529; x_wconf 78' lang='lat' dir='ltr'>randum,</span> <span class='ocrx_word' id='word_1_485' title='bbox 375 2491 406 2521; x_wconf 87' lang='lat'>&amp;</span> <span class='ocrx_word' id='word_1_486' title='bbox 431 2491 510 2528; x_wconf 80' lang='lat' dir='ltr'>quod</span> <span class='ocrx_word' id='word_1_487' title='bbox 531 2490 631 2521; x_wconf 86' lang='lat' dir='ltr'>eadem</span> <span class='ocrx_word' id='word_1_488' title='bbox 653 2491 763 2527; x_wconf 86' lang='lat' dir='ltr'>Populo</span> <span class='ocrx_word' id='word_1_489' title='bbox 785 2490 995 2521; x_wconf 79' lang='lat' dir='ltr'>notificabimus</span> <span class='ocrx_word' id='word_1_490' title='bbox 1018 2493 1234 2530; x_wconf 86' lang='lat' dir='ltr'>praedicabimus</span> <span class='ocrx_word' id='word_1_491' title='bbox 1251 2496 1283 2526; x_wconf 89' lang='lat'>&amp;</span> 
     </span>
     <span class='ocr_line' id='line_1_58' title="bbox 216 2528 1021 2568; baseline -0.001 -8"><span class='ocrx_word' id='word_1_492' title='bbox 216 2530 391 2561; x_wconf 85' lang='lat' dir='ltr'>suadebimus</span> <span class='ocrx_word' id='word_1_493' title='bbox 406 2530 580 2568; x_wconf 84' lang='lat' dir='ltr'>ubicumque</span> <span class='ocrx_word' id='word_1_494' title='bbox 594 2528 705 2559; x_wconf 84' lang='lat' dir='ltr'>dabitur</span> <span class='ocrx_word' id='word_1_495' title='bbox 719 2529 816 2559; x_wconf 83' lang='lat' dir='ltr'>Locus</span> <span class='ocrx_word' id='word_1_496' title='bbox 835 2529 867 2559; x_wconf 90' lang='lat'><strong>&amp;</strong></span> <span class='ocrx_word' id='word_1_497' title='bbox 886 2529 1021 2559; x_wconf 65' lang='lat' dir='ltr'>Occasio.</span> 
     </span>
    </p>

    <p class='ocr_par' dir='ltr' id='par_1_10' title="bbox 217 2566 1285 2676">
     <span class='ocr_line' id='line_1_59' title="bbox 256 2566 1285 2609; baseline 0.003 -10"><span class='ocrx_word' id='word_1_498' title='bbox 256 2569 301 2599; x_wconf 84' lang='lat' dir='ltr'>IT</span> <span class='ocrx_word' id='word_1_499' title='bbox 313 2579 330 2599; x_wconf 80' lang='lat' dir='ltr'>E</span> <span class='ocrx_word' id='word_1_500' title='bbox 341 2577 367 2598; x_wconf 87' lang='lat' dir='ltr'><strong>M</strong></span> <span class='ocrx_word' id='word_1_501' title='bbox 378 2568 473 2606; x_wconf 79' lang='lat' dir='ltr'>,quod</span> <span class='ocrx_word' id='word_1_502' title='bbox 490 2566 701 2597; x_wconf 78' lang='lat' dir='ltr'>confirmatum</span> <span class='ocrx_word' id='word_1_503' title='bbox 715 2567 881 2605; x_wconf 84' lang='lat' dir='ltr'>Ratumque</span> <span class='ocrx_word' id='word_1_504' title='bbox 897 2569 1032 2598; x_wconf 79' lang='lat' dir='ltr'>habemus</span> <span class='ocrx_word' id='word_1_505' title='bbox 1047 2569 1209 2609; x_wconf 72' lang='lat' dir='ltr'>semperque</span> <span class='ocrx_word' id='word_1_506' title='bbox 1223 2582 1285 2609; x_wconf 84' lang='lat' dir='ltr'>per-</span> 
     </span>
     <span class='ocr_line' id='line_1_60' title="bbox 217 2606 1282 2645; baseline 0.002 -7"><span class='ocrx_word' id='word_1_507' title='bbox 217 2611 306 2645; x_wconf 80' lang='lat' dir='ltr'>petuo</span> <span class='ocrx_word' id='word_1_508' title='bbox 336 2607 457 2637; x_wconf 81' lang='lat' dir='ltr'>habituri</span> <span class='ocrx_word' id='word_1_509' title='bbox 477 2606 572 2636; x_wconf 87' lang='lat' dir='ltr'>sumus</span> <span class='ocrx_word' id='word_1_510' title='bbox 588 2628 596 2643; x_wconf 82' lang='lat'>,</span> <span class='ocrx_word' id='word_1_511' title='bbox 622 2606 701 2644; x_wconf 78' lang='lat' dir='ltr'>quod</span> <span class='ocrx_word' id='word_1_512' title='bbox 723 2606 874 2644; x_wconf 64' lang='lat' dir='ltr'>praedictus</span> <span class='ocrx_word' id='word_1_513' title='bbox 892 2609 953 2636; x_wconf 79' lang='lat' dir='ltr'>Rex</span> <span class='ocrx_word' id='word_1_514' title='bbox 975 2606 1061 2645; x_wconf 84' lang='lat' dir='ltr'>noster</span> <span class='ocrx_word' id='word_1_515' title='bbox 1085 2612 1218 2639; x_wconf 70' lang='lat' dir='ltr'>Henricus</span> <span class='ocrx_word' id='word_1_516' title='bbox 1242 2611 1282 2640; x_wconf 90' lang='lat' dir='ltr'>est</span> 
     </span>
     <span class='ocr_line' id='line_1_61' title="bbox 219 2644 917 2676; baseline -0.001 -1"><span class='ocrx_word' id='word_1_517' title='bbox 219 2645 373 2676; x_wconf 80' lang='lat' dir='ltr'>CAPUT</span> <span class='ocrx_word' id='word_1_518' title='bbox 394 2644 613 2675; x_wconf 72' lang='lat' dir='ltr'>EchestAE</span> <span class='ocrx_word' id='word_1_519' title='bbox 635 2647 917 2675; x_wconf 78' lang='lat' dir='ltr'>ANGLICANAE.</span> 
     </span>
    </p>

    <p class='ocr_par' dir='ltr' id='par_1_11' title="bbox 216 2681 1280 2840">
     <span class='ocr_line' id='line_1_62' title="bbox 254 2681 1279 2723; baseline 0.004 -10"><span class='ocrx_word' id='word_1_520' title='bbox 254 2683 297 2713; x_wconf 85' lang='lat' dir='ltr'>IT</span> <span class='ocrx_word' id='word_1_521' title='bbox 310 2693 326 2713; x_wconf 77' lang='grc' dir='ltr'>Ε</span> <span class='ocrx_word' id='word_1_522' title='bbox 338 2692 365 2714; x_wconf 80' lang='lat' dir='ltr'>M</span> <span class='ocrx_word' id='word_1_523' title='bbox 384 2683 462 2721; x_wconf 80' lang='lat' dir='ltr'>quod</span> <span class='ocrx_word' id='word_1_524' title='bbox 483 2681 622 2720; x_wconf 76' lang='lat' dir='ltr'>Epifiopus</span> <span class='ocrx_word' id='word_1_525' title='bbox 634 2685 770 2712; x_wconf 80' lang='lat' dir='ltr'>Romanus</span> <span class='ocrx_word' id='word_1_526' title='bbox 780 2707 788 2719; x_wconf 91' lang='lat'>,</span> <span class='ocrx_word' id='word_1_527' title='bbox 807 2684 855 2721; x_wconf 89' lang='lat' dir='ltr'>qui</span> <span class='ocrx_word' id='word_1_528' title='bbox 870 2684 898 2713; x_wconf 90' lang='lat' dir='ltr'>in</span> <span class='ocrx_word' id='word_1_529' title='bbox 913 2683 963 2713; x_wconf 84' lang='lat' dir='ltr'>suis</span> <span class='ocrx_word' id='word_1_530' title='bbox 978 2683 1059 2714; x_wconf 80' lang='lat' dir='ltr'>Bullis</span> <span class='ocrx_word' id='word_1_531' title='bbox 1075 2686 1155 2723; x_wconf 77' lang='lat' dir='ltr'>Papae</span> <span class='ocrx_word' id='word_1_532' title='bbox 1172 2689 1279 2718; x_wconf 82' lang='lat' dir='ltr'>Nomen</span> 
     </span>
     <span class='ocr_line' id='line_1_63' title="bbox 217 2720 1265 2764; baseline 0.003 -12"><span class='ocrx_word' id='word_1_533' title='bbox 217 2735 233 2752; x_wconf 88' lang='lat' dir='ltr'>u</span> <span class='ocrx_word' id='word_1_534' title='bbox 247 2729 327 2760; x_wconf 83' lang='lat' dir='ltr'>urpat</span> <span class='ocrx_word' id='word_1_535' title='bbox 342 2721 380 2755; x_wconf 55' lang='grc' dir='ltr'>ὠ*</span> <span class='ocrx_word' id='word_1_536' title='bbox 399 2723 496 2749; x_wconf 80' lang='lat' dir='ltr'>Summi</span> <span class='ocrx_word' id='word_1_537' title='bbox 512 2720 647 2760; x_wconf 80' lang='lat' dir='ltr'>Pontificis</span> <span class='ocrx_word' id='word_1_538' title='bbox 660 2720 855 2758; x_wconf 83' lang='lat' dir='ltr'>Principatum</span> <span class='ocrx_word' id='word_1_539' title='bbox 875 2722 922 2751; x_wconf 80' lang='lat' dir='ltr'>sibi</span> <span class='ocrx_word' id='word_1_540' title='bbox 936 2731 1063 2761; x_wconf 83' lang='lat' dir='ltr'>arrogat,</span> <span class='ocrx_word' id='word_1_541' title='bbox 1085 2725 1173 2754; x_wconf 86' lang='lat' dir='ltr'>nihilo</span> <span class='ocrx_word' id='word_1_542' title='bbox 1189 2727 1265 2764; x_wconf 86' lang='lat' dir='ltr'>majo</span> 
     </span>
     <span class='ocr_line' id='line_1_64' title="bbox 216 2759 1280 2799; baseline 0.004 -8"><span class='ocrx_word' id='word_1_543' title='bbox 216 2764 252 2791; x_wconf 85' lang='lat' dir='ltr'>ris</span> <span class='ocrx_word' id='word_1_544' title='bbox 273 2771 365 2798; x_wconf 81' lang='lat' dir='ltr'>neque</span> <span class='ocrx_word' id='word_1_545' title='bbox 387 2759 568 2790; x_wconf 61' lang='lat' dir='ltr'>Auctoritatis</span> <span class='ocrx_word' id='word_1_546' title='bbox 590 2768 637 2789; x_wconf 79' lang='lat' dir='ltr'>aut</span> <span class='ocrx_word' id='word_1_547' title='bbox 656 2759 862 2797; x_wconf 63' lang='lat' dir='ltr'>jurisdictionis</span> <span class='ocrx_word' id='word_1_548' title='bbox 885 2760 1027 2791; x_wconf 84' lang='lat' dir='ltr'>habendus</span> <span class='ocrx_word' id='word_1_549' title='bbox 1042 2763 1072 2791; x_wconf 82' lang='lat' dir='ltr'>{it</span> <span class='ocrx_word' id='word_1_550' title='bbox 1089 2764 1175 2799; x_wconf 63' lang='lat' dir='ltr'>quem</span> <span class='ocrx_word' id='word_1_551' title='bbox 1189 2770 1280 2796; x_wconf 83' lang='lat' dir='ltr'>caeteri</span> 
     </span>
     <span class='ocr_line' id='line_1_65' title="bbox 216 2797 1139 2840; baseline 0.002 -12"><span class='ocrx_word' id='word_1_552' title='bbox 216 2802 307 2840; x_wconf 79' lang='lat' dir='ltr'>quivis</span> <span class='ocrx_word' id='word_1_553' title='bbox 323 2798 443 2837; x_wconf 77' lang='lat' dir='ltr'>Episcopi</span> <span class='ocrx_word' id='word_1_554' title='bbox 456 2799 483 2826; x_wconf 85' lang='lat' dir='ltr'>in</span> <span class='ocrx_word' id='word_1_555' title='bbox 501 2797 602 2836; x_wconf 78' lang='lat' dir='ltr'>Anglia</span> <span class='ocrx_word' id='word_1_556' title='bbox 619 2798 662 2827; x_wconf 90' lang='lat' dir='ltr'>vel</span> <span class='ocrx_word' id='word_1_557' title='bbox 677 2798 740 2827; x_wconf 84' lang='lat' dir='ltr'>alibi</span> <span class='ocrx_word' id='word_1_558' title='bbox 760 2799 787 2827; x_wconf 84' lang='lat' dir='ltr'>in</span> <span class='ocrx_word' id='word_1_559' title='bbox 803 2797 847 2828; x_wconf 85' lang='lat' dir='ltr'>sua</span> <span class='ocrx_word' id='word_1_560' title='bbox 860 2798 974 2837; x_wconf 81' lang='lat' dir='ltr'>quisque</span> <span class='ocrx_word' id='word_1_561' title='bbox 991 2798 1139 2831; x_wconf 80' lang='lat' dir='ltr'>Dioecese.</span> 
     </span>
    </p>

    <p class='ocr_par' dir='ltr' id='par_1_12' title="bbox 214 2835 1280 3106">
     <span class='ocr_line' id='line_1_66' title="bbox 254 2835 1280 2875; baseline 0.007 -9"><span class='ocrx_word' id='word_1_562' title='bbox 254 2838 297 2868; x_wconf 86' lang='lat' dir='ltr'>IT</span> <span class='ocrx_word' id='word_1_563' title='bbox 310 2846 376 2875; x_wconf 76' lang='grc' dir='ltr'>ΕΜ,</span> <span class='ocrx_word' id='word_1_564' title='bbox 396 2836 475 2875; x_wconf 79' lang='lat' dir='ltr'>quod</span> <span class='ocrx_word' id='word_1_565' title='bbox 489 2835 539 2866; x_wconf 90' lang='lat' dir='ltr'>soli</span> <span class='ocrx_word' id='word_1_566' title='bbox 555 2836 634 2866; x_wconf 74' lang='lat' dir='ltr'>dieto</span> <span class='ocrx_word' id='word_1_567' title='bbox 651 2836 783 2867; x_wconf 81' lang='lat' dir='ltr'>Domino</span> <span class='ocrx_word' id='word_1_568' title='bbox 800 2837 872 2875; x_wconf 82' lang='lat' dir='ltr'>Regi</span> <span class='ocrx_word' id='word_1_569' title='bbox 891 2839 923 2869; x_wconf 67' lang='grc' dir='ltr'>ὃς</span> <span class='ocrx_word' id='word_1_570' title='bbox 938 2837 1152 2869; x_wconf 74' lang='lat' dir='ltr'>Successoribus</span> <span class='ocrx_word' id='word_1_571' title='bbox 1165 2842 1216 2872; x_wconf 85' lang='lat' dir='ltr'>suis</span> <span class='ocrx_word' id='word_1_572' title='bbox 1231 2842 1280 2873; x_wconf 91' lang='lat' dir='ltr'>ad-</span> 
     </span>
     <span class='ocr_line' id='line_1_67' title="bbox 214 2874 1280 2915; baseline 0.005 -9"><span class='ocrx_word' id='word_1_573' title='bbox 214 2876 402 2913; x_wconf 77' lang='lat' dir='ltr'>hcerebimus,</span> <span class='ocrx_word' id='word_1_574' title='bbox 421 2885 505 2914; x_wconf 84' lang='lat' dir='ltr'>atque</span> <span class='ocrx_word' id='word_1_575' title='bbox 519 2876 576 2913; x_wconf 85' lang='lat' dir='ltr'>ejus</span> <span class='ocrx_word' id='word_1_576' title='bbox 594 2874 717 2906; x_wconf 79' lang='lat' dir='ltr'>Decreta</span> <span class='ocrx_word' id='word_1_577' title='bbox 732 2876 1032 2915; x_wconf 79' lang='lat' dir='ltr'>&amp;Proclamatione5,</span> <span class='ocrx_word' id='word_1_578' title='bbox 1052 2878 1162 2915; x_wconf 83' lang='lat' dir='ltr'>insuper</span> <span class='ocrx_word' id='word_1_579' title='bbox 1177 2890 1280 2911; x_wconf 89' lang='lat' dir='ltr'>omnes</span> 
     </span>
     <span class='ocr_line' id='line_1_68' title="bbox 215 2914 1279 2957; baseline 0.002 -11"><span class='ocrx_word' id='word_1_580' title='bbox 215 2915 326 2954; x_wconf 64' lang='lat' dir='ltr'>Anglize</span> <span class='ocrx_word' id='word_1_581' title='bbox 344 2914 448 2953; x_wconf 81' lang='lat' dir='ltr'>Leges,</span> <span class='ocrx_word' id='word_1_582' title='bbox 466 2923 550 2952; x_wconf 87' lang='lat' dir='ltr'>atque</span> <span class='ocrx_word' id='word_1_583' title='bbox 565 2915 648 2944; x_wconf 85' lang='lat' dir='ltr'>etiam</span> <span class='ocrx_word' id='word_1_584' title='bbox 663 2914 769 2945; x_wconf 87' lang='lat' dir='ltr'>Statuta</span> <span class='ocrx_word' id='word_1_585' title='bbox 789 2915 886 2945; x_wconf 81' lang='lat' dir='ltr'>omnia</span> <span class='ocrx_word' id='word_1_586' title='bbox 911 2916 939 2945; x_wconf 90' lang='lat' dir='ltr'>in</span> <span class='ocrx_word' id='word_1_587' title='bbox 964 2915 1156 2947; x_wconf 82' lang='lat' dir='ltr'>Parliamento</span> <span class='ocrx_word' id='word_1_588' title='bbox 1179 2919 1212 2950; x_wconf 71' lang='grc' dir='ltr'>ὅς</span> <span class='ocrx_word' id='word_1_589' title='bbox 1231 2930 1279 2957; x_wconf 86' lang='lat' dir='ltr'>per</span> 
     </span>
     <span class='ocr_line' id='line_1_69' title="bbox 214 2953 1278 2995; baseline 0.004 -12"><span class='ocrx_word' id='word_1_590' title='bbox 214 2953 435 2984; x_wconf 76' lang='lat' dir='ltr'>Parliamentum</span> <span class='ocrx_word' id='word_1_591' title='bbox 461 2953 591 2991; x_wconf 84' lang='lat' dir='ltr'>decreta,</span> <span class='ocrx_word' id='word_1_592' title='bbox 617 2953 801 2991; x_wconf 74' lang='lat' dir='ltr'>confirmata,</span> <span class='ocrx_word' id='word_1_593' title='bbox 821 2953 953 2990; x_wconf 83' lang='lat' dir='ltr'>stabilita,</span> <span class='ocrx_word' id='word_1_594' title='bbox 972 2954 1004 2984; x_wconf 74' lang='grc' dir='ltr'>ὃ(</span> <span class='ocrx_word' id='word_1_595' title='bbox 1027 2954 1157 2986; x_wconf 83' lang='lat' dir='ltr'>ratificata</span> <span class='ocrx_word' id='word_1_596' title='bbox 1180 2966 1278 2995; x_wconf 86' lang='lat' dir='ltr'>perpe—</span> 
     </span>
     <span class='ocr_line' id='line_1_70' title="bbox 217 2990 1279 3033; baseline 0.004 -11"><span class='ocrx_word' id='word_1_597' title='bbox 217 2994 271 3022; x_wconf 80' lang='lat' dir='ltr'>tuo</span> <span class='ocrx_word' id='word_1_598' title='bbox 288 2992 556 3033; x_wconf 60' lang='lat' dir='ltr'>manutenebimus,k</span> <span class='ocrx_word' id='word_1_599' title='bbox 569 2992 809 3030; x_wconf 80' lang='lat' dir='ltr'>EpisiopiRomani</span> <span class='ocrx_word' id='word_1_600' title='bbox 825 2991 945 3030; x_wconf 83' lang='lat' dir='ltr'>Legibus</span> <span class='ocrx_word' id='word_1_601' title='bbox 960 2990 1091 3023; x_wconf 80' lang='lat' dir='ltr'>Decretis</span> <span class='ocrx_word' id='word_1_602' title='bbox 1107 2996 1139 3025; x_wconf 73' lang='grc' dir='ltr'>δε</span> <span class='ocrx_word' id='word_1_603' title='bbox 1150 2994 1279 3026; x_wconf 87' lang='lat' dir='ltr'>Canoni—</span> 
     </span>
     <span class='ocr_line' id='line_1_71' title="bbox 216 3030 1278 3069; baseline 0.004 -9"><span class='ocrx_word' id='word_1_604' title='bbox 216 3031 287 3069; x_wconf 89' lang='lat' dir='ltr'>bus,</span> <span class='ocrx_word' id='word_1_605' title='bbox 306 3030 324 3060; x_wconf 83' lang='lat' dir='ltr'>si</span> <span class='ocrx_word' id='word_1_606' title='bbox 336 3031 382 3068; x_wconf 82' lang='lat' dir='ltr'>qui</span> <span class='ocrx_word' id='word_1_607' title='bbox 398 3038 497 3061; x_wconf 88' lang='lat' dir='ltr'>contra</span> <span class='ocrx_word' id='word_1_608' title='bbox 512 3031 625 3066; x_wconf 82' lang='lat' dir='ltr'>Legem</span> <span class='ocrx_word' id='word_1_609' title='bbox 643 3032 766 3060; x_wconf 77' lang='lat' dir='ltr'>divinam</span> <span class='ocrx_word' id='word_1_610' title='bbox 784 3031 815 3061; x_wconf 61' lang='grc' dir='ltr'>ὃς</span> <span class='ocrx_word' id='word_1_611' title='bbox 835 3030 938 3061; x_wconf 64' lang='lat' dir='ltr'>sacram</span> <span class='ocrx_word' id='word_1_612' title='bbox 956 3030 1128 3069; x_wconf 87' lang='lat' dir='ltr'>Scripturam</span> <span class='ocrx_word' id='word_1_613' title='bbox 1153 3032 1208 3063; x_wconf 75' lang='lat' dir='ltr'>effe</span> <span class='ocrx_word' id='word_1_614' title='bbox 1234 3037 1278 3064; x_wconf 90' lang='lat' dir='ltr'>in-</span> 
     </span>
     <span class='ocr_line' id='line_1_72' title="bbox 217 3068 852 3106; baseline -0.003 -7"><span class='ocrx_word' id='word_1_615' title='bbox 217 3071 382 3106; x_wconf 87' lang='lat' dir='ltr'>venientur,</span> <span class='ocrx_word' id='word_1_616' title='bbox 401 3069 612 3106; x_wconf 70' lang='lat' dir='ltr'>imperpetuum</span> <span class='ocrx_word' id='word_1_617' title='bbox 631 3068 852 3100; x_wconf 78' lang='lat' dir='ltr'>Renunciantes.</span> 
     </span>
    </p>

    <p class='ocr_par' dir='ltr' id='par_1_13' title="bbox 213 3106 1278 3336">
     <span class='ocr_line' id='line_1_73' title="bbox 252 3106 1275 3149; baseline 0.004 -12"><span class='ocrx_word' id='word_1_618' title='bbox 252 3108 271 3127; x_wconf 66' lang='lat'>²*</span> <span class='ocrx_word' id='word_1_619' title='bbox 290 3107 335 3137; x_wconf 84' lang='lat' dir='ltr'>[T</span> <span class='ocrx_word' id='word_1_620' title='bbox 346 3116 364 3137; x_wconf 76' lang='grc' dir='ltr'>Ε</span> <span class='ocrx_word' id='word_1_621' title='bbox 375 3114 418 3146; x_wconf 82' lang='grc' dir='ltr'>Μ,</span> <span class='ocrx_word' id='word_1_622' title='bbox 438 3107 517 3144; x_wconf 81' lang='lat' dir='ltr'>quod</span> <span class='ocrx_word' id='word_1_623' title='bbox 536 3108 627 3137; x_wconf 86' lang='lat' dir='ltr'>nullus</span> <span class='ocrx_word' id='word_1_624' title='bbox 642 3106 922 3149; x_wconf 69' lang='lat' dir='ltr'>nostrsimomnium</span> <span class='ocrx_word' id='word_1_625' title='bbox 937 3108 966 3137; x_wconf 86' lang='lat' dir='ltr'>in</span> <span class='ocrx_word' id='word_1_626' title='bbox 982 3108 1035 3138; x_wconf 89' lang='lat' dir='ltr'>ulla</span> <span class='ocrx_word' id='word_1_627' title='bbox 1057 3109 1102 3139; x_wconf 91' lang='lat' dir='ltr'>vel</span> <span class='ocrx_word' id='word_1_628' title='bbox 1119 3111 1221 3147; x_wconf 86' lang='lat' dir='ltr'>privata</span> <span class='ocrx_word' id='word_1_629' title='bbox 1231 3112 1275 3142; x_wconf 87' lang='lat' dir='ltr'>vel</span> 
     </span>
     <span class='ocr_line' id='line_1_74' title="bbox 215 3145 1278 3186; baseline 0.004 -11"><span class='ocrx_word' id='word_1_630' title='bbox 215 3146 357 3186; x_wconf 87' lang='lat' dir='ltr'>publicata</span> <span class='ocrx_word' id='word_1_631' title='bbox 374 3145 530 3176; x_wconf 86' lang='lat' dir='ltr'>Concione</span> <span class='ocrx_word' id='word_1_632' title='bbox 544 3156 697 3183; x_wconf 79' lang='lat' dir='ltr'>quicquam</span> <span class='ocrx_word' id='word_1_633' title='bbox 717 3157 749 3176; x_wconf 82' lang='lat' dir='ltr'>ex</span> <span class='ocrx_word' id='word_1_634' title='bbox 774 3148 853 3176; x_wconf 66' lang='lat' dir='ltr'>lectis</span> <span class='ocrx_word' id='word_1_635' title='bbox 877 3146 1028 3183; x_wconf 77' lang='lat' dir='ltr'>Scriptutis</span> <span class='ocrx_word' id='word_1_636' title='bbox 1048 3148 1226 3186; x_wconf 86' lang='lat' dir='ltr'>desumptum</span> <span class='ocrx_word' id='word_1_637' title='bbox 1245 3151 1278 3181; x_wconf 91' lang='lat' dir='ltr'>ad</span> 
     </span>
     <span class='ocr_line' id='line_1_75' title="bbox 214 3183 1278 3225; baseline 0.003 -10"><span class='ocrx_word' id='word_1_638' title='bbox 214 3186 337 3215; x_wconf 86' lang='lat' dir='ltr'>alienum</span> <span class='ocrx_word' id='word_1_639' title='bbox 354 3183 470 3212; x_wconf 89' lang='lat' dir='ltr'>Sensum</span> <span class='ocrx_word' id='word_1_640' title='bbox 486 3183 653 3221; x_wconf 80' lang='lat' dir='ltr'>detorquere</span> <span class='ocrx_word' id='word_1_641' title='bbox 668 3185 834 3224; x_wconf 68' lang='lat' dir='ltr'>praesumet,</span> <span class='ocrx_word' id='word_1_642' title='bbox 852 3185 898 3215; x_wconf 87' lang='lat' dir='ltr'>sed</span> <span class='ocrx_word' id='word_1_643' title='bbox 916 3186 1032 3222; x_wconf 89' lang='lat' dir='ltr'>quisque</span> <span class='ocrx_word' id='word_1_644' title='bbox 1049 3185 1198 3216; x_wconf 87' lang='lat' dir='ltr'>Christum</span> <span class='ocrx_word' id='word_1_645' title='bbox 1209 3189 1278 3225; x_wconf 83' lang='lat' dir='ltr'>ejus-</span> 
     </span>
     <span class='ocr_line' id='line_1_76' title="bbox 215 3221 1276 3261; baseline 0.005 -8"><span class='ocrx_word' id='word_1_646' title='bbox 215 3234 270 3261; x_wconf 88' lang='lat' dir='ltr'>que</span> <span class='ocrx_word' id='word_1_647' title='bbox 285 3221 380 3252; x_wconf 86' lang='lat' dir='ltr'>Verba</span> <span class='ocrx_word' id='word_1_648' title='bbox 395 3221 427 3251; x_wconf 91' lang='lat'>&amp;</span> <span class='ocrx_word' id='word_1_649' title='bbox 445 3221 528 3251; x_wconf 61' lang='lat' dir='ltr'>Fac-Sta</span> <span class='ocrx_word' id='word_1_650' title='bbox 545 3221 707 3259; x_wconf 72' lang='lat' dir='ltr'>simpliciter</span> <span class='ocrx_word' id='word_1_651' title='bbox 722 3223 827 3253; x_wconf 77' lang='lat' dir='ltr'>szncere</span> <span class='ocrx_word' id='word_1_652' title='bbox 843 3225 939 3261; x_wconf 83' lang='lat' dir='ltr'>aperte</span> <span class='ocrx_word' id='word_1_653' title='bbox 949 3246 957 3260; x_wconf 84' lang='grc'>,</span> <span class='ocrx_word' id='word_1_654' title='bbox 977 3226 1010 3255; x_wconf 86' lang='lat'>&amp;</span> <span class='ocrx_word' id='word_1_655' title='bbox 1024 3224 1058 3254; x_wconf 85' lang='lat' dir='ltr'>ad</span> <span class='ocrx_word' id='word_1_656' title='bbox 1068 3224 1216 3256; x_wconf 84' lang='lat' dir='ltr'>Normatn</span> <span class='ocrx_word' id='word_1_657' title='bbox 1231 3227 1276 3258; x_wconf 89' lang='lat' dir='ltr'>seu</span> 
     </span>
     <span class='ocr_line' id='line_1_77' title="bbox 214 3258 1275 3302; baseline 0.004 -10"><span class='ocrx_word' id='word_1_658' title='bbox 214 3261 362 3298; x_wconf 76' lang='lat' dir='ltr'>Regulam</span> <span class='ocrx_word' id='word_1_659' title='bbox 375 3260 513 3290; x_wconf 83' lang='lat' dir='ltr'>sacratum</span> <span class='ocrx_word' id='word_1_660' title='bbox 530 3258 739 3297; x_wconf 86' lang='lat' dir='ltr'>Scripturarum</span> <span class='ocrx_word' id='word_1_661' title='bbox 757 3263 789 3292; x_wconf 72' lang='grc' dir='ltr'>ὃ(</span> <span class='ocrx_word' id='word_1_662' title='bbox 800 3263 866 3292; x_wconf 82' lang='lat' dir='ltr'>vere</span> <span class='ocrx_word' id='word_1_663' title='bbox 881 3261 1099 3292; x_wconf 83' lang='lat' dir='ltr'>Catholicorum</span> <span class='ocrx_word' id='word_1_664' title='bbox 1117 3273 1199 3302; x_wconf 84' lang='lat' dir='ltr'>atque</span> <span class='ocrx_word' id='word_1_665' title='bbox 1217 3264 1275 3296; x_wconf 86' lang='lat' dir='ltr'>Or-</span> 
     </span>
     <span class='ocr_line' id='line_1_78' title="bbox 213 3297 1193 3336; baseline 0.002 -6"><span class='ocrx_word' id='word_1_666' title='bbox 213 3300 406 3333; x_wconf 82' lang='lat' dir='ltr'>thodoxorum</span> <span class='ocrx_word' id='word_1_667' title='bbox 427 3297 608 3333; x_wconf 70' lang='lat' dir='ltr'>Doc&#39;torum,</span> <span class='ocrx_word' id='word_1_668' title='bbox 630 3299 795 3336; x_wconf 69' lang='lat' dir='ltr'>praedicabit</span> <span class='ocrx_word' id='word_1_669' title='bbox 811 3300 950 3329; x_wconf 76' lang='lat' dir='ltr'>catholice</span> <span class='ocrx_word' id='word_1_670' title='bbox 967 3302 999 3329; x_wconf 70' lang='grc' dir='ltr'>ὃ(</span> <span class='ocrx_word' id='word_1_671' title='bbox 1016 3302 1193 3332; x_wconf 76' lang='lat' dir='ltr'>orthodoxe.</span> 
     </span>
    </p>

    <p class='ocr_par' dir='ltr' id='par_1_14' title="bbox 215 3336 1277 3416">
     <span class='ocr_line' id='line_1_79' title="bbox 251 3336 1275 3378; baseline 0.003 -9"><span class='ocrx_word' id='word_1_672' title='bbox 251 3339 297 3369; x_wconf 84' lang='lat' dir='ltr'>IT</span> <span class='ocrx_word' id='word_1_673' title='bbox 307 3347 325 3368; x_wconf 76' lang='lat' dir='ltr'>E</span> <span class='ocrx_word' id='word_1_674' title='bbox 337 3345 381 3375; x_wconf 85' lang='lat' dir='ltr'>M,</span> <span class='ocrx_word' id='word_1_675' title='bbox 399 3337 477 3374; x_wconf 76' lang='lat' dir='ltr'>qued</span> <span class='ocrx_word' id='word_1_676' title='bbox 491 3336 676 3375; x_wconf 85' lang='lat' dir='ltr'>unusquisque</span> <span class='ocrx_word' id='word_1_677' title='bbox 692 3338 718 3366; x_wconf 90' lang='lat' dir='ltr'>in</span> <span class='ocrx_word' id='word_1_678' title='bbox 738 3338 790 3368; x_wconf 88' lang='lat' dir='ltr'>suis</span> <span class='ocrx_word' id='word_1_679' title='bbox 804 3337 990 3368; x_wconf 84' lang='lat' dir='ltr'>Orationibus</span> <span class='ocrx_word' id='word_1_680' title='bbox 1005 3339 1037 3369; x_wconf 87' lang='lat'>&amp;</span> <span class='ocrx_word' id='word_1_681' title='bbox 1055 3339 1275 3378; x_wconf 77' lang='lat' dir='ltr'>Comprecatio-</span> 
     </span>
     <span class='ocr_line' id='line_1_80' title="bbox 215 3375 1277 3416; baseline 0.001 -7"><span class='ocrx_word' id='word_1_682' title='bbox 215 3379 299 3409; x_wconf 86' lang='lat' dir='ltr'>nibus</span> <span class='ocrx_word' id='word_1_683' title='bbox 314 3376 348 3405; x_wconf 86' lang='lat' dir='ltr'>de</span> <span class='ocrx_word' id='word_1_684' title='bbox 363 3385 445 3406; x_wconf 87' lang='lat' dir='ltr'>more</span> <span class='ocrx_word' id='word_1_685' title='bbox 465 3375 599 3405; x_wconf 74' lang='lat' dir='ltr'>faciendis</span> <span class='ocrx_word' id='word_1_686' title='bbox 635 3375 760 3413; x_wconf 75' lang='lat' dir='ltr'>primum</span> <span class='ocrx_word' id='word_1_687' title='bbox 783 3378 915 3406; x_wconf 88' lang='lat' dir='ltr'>omnium</span> <span class='ocrx_word' id='word_1_688' title='bbox 939 3380 1034 3414; x_wconf 77' lang='lat' dir='ltr'>Regem</span> <span class='ocrx_word' id='word_1_689' title='bbox 1054 3387 1187 3416; x_wconf 75' lang='lat' dir='ltr'>tanquam</span> <span class='ocrx_word' id='word_1_690' title='bbox 1208 3380 1277 3411; x_wconf 80' lang='lat' dir='ltr'>Su-</span> 
     </span>
    </p>

    <p class='ocr_par' dir='ltr' id='par_1_15' title="bbox 213 3398 1276 3570">
     <span class='ocr_line' id='line_1_81' title="bbox 218 3398 1274 3456; baseline 0.002 -11"><span class='ocrx_word' id='word_1_691' title='bbox 218 3422 405 3446; x_wconf 75' lang='lat' dir='ltr'><strong>PREMUM</strong></span> <span class='ocrx_word' id='word_1_692' title='bbox 424 3412 575 3442; x_wconf 81' lang='lat' dir='ltr'><strong>CAPUT</strong></span> <span class='ocrx_word' id='word_1_693' title='bbox 596 3398 814 3445; x_wconf 49' lang='lat' dir='ltr'>lichEstffl.</span> <span class='ocrx_word' id='word_1_694' title='bbox 843 3415 1120 3446; x_wconf 73' lang='lat' dir='ltr'>ANGLICANAE</span> <span class='ocrx_word' id='word_1_695' title='bbox 1140 3417 1222 3456; x_wconf 89' lang='lat' dir='ltr'>Deo,</span> <span class='ocrx_word' id='word_1_696' title='bbox 1241 3421 1274 3450; x_wconf 90' lang='lat'>&amp;</span> 
     </span>
     <span class='ocr_line' id='line_1_82' title="bbox 218 3452 1275 3496; baseline 0.004 -13"><span class='ocrx_word' id='word_1_697' title='bbox 218 3454 322 3492; x_wconf 87' lang='lat' dir='ltr'>Populi</span> <span class='ocrx_word' id='word_1_698' title='bbox 337 3452 470 3482; x_wconf 83' lang='lat' dir='ltr'>Precibus</span> <span class='ocrx_word' id='word_1_699' title='bbox 482 3452 716 3490; x_wconf 79' lang='lat' dir='ltr'>commendabit,</span> <span class='ocrx_word' id='word_1_700' title='bbox 733 3453 825 3482; x_wconf 83' lang='lat' dir='ltr'>deinde</span> <span class='ocrx_word' id='word_1_701' title='bbox 846 3457 973 3491; x_wconf 77' lang='lat' dir='ltr'>Reginam</span> <span class='ocrx_word' id='word_1_702' title='bbox 996 3465 1064 3484; x_wconf 89' lang='lat' dir='ltr'>cum</span> <span class='ocrx_word' id='word_1_703' title='bbox 1087 3455 1131 3485; x_wconf 80' lang='lat' dir='ltr'>sua</span> <span class='ocrx_word' id='word_1_704' title='bbox 1152 3456 1275 3496; x_wconf 78' lang='lat' dir='ltr'>Sobole,</span> 
     </span>
     <span class='ocr_line' id='line_1_83' title="bbox 215 3488 1276 3530; baseline 0.002 -7"><span class='ocrx_word' id='word_1_705' title='bbox 215 3503 279 3525; x_wconf 89' lang='lat' dir='ltr'>turn</span> <span class='ocrx_word' id='word_1_706' title='bbox 295 3492 414 3523; x_wconf 75' lang='lat' dir='ltr'>demum</span> <span class='ocrx_word' id='word_1_707' title='bbox 434 3488 662 3528; x_wconf 70' lang='lat' dir='ltr'>Archiepisiopum</span> <span class='ocrx_word' id='word_1_708' title='bbox 675 3492 893 3530; x_wconf 81' lang='lat' dir='ltr'>Cantuariensem</span> <span class='ocrx_word' id='word_1_709' title='bbox 907 3502 974 3522; x_wconf 89' lang='lat' dir='ltr'>curn</span> <span class='ocrx_word' id='word_1_710' title='bbox 1000 3495 1108 3523; x_wconf 81' lang='lat' dir='ltr'>caeteris</span> <span class='ocrx_word' id='word_1_711' title='bbox 1124 3493 1203 3524; x_wconf 86' lang='lat' dir='ltr'>Cleri</span> <span class='ocrx_word' id='word_1_712' title='bbox 1219 3495 1276 3526; x_wconf 84' lang='lat' dir='ltr'>Or-</span> 
     </span>
     <span class='ocr_line' id='line_1_84' title="bbox 213 3529 585 3570; baseline -0.016 -8"><span class='ocrx_word' id='word_1_713' title='bbox 213 3532 325 3563; x_wconf 88' lang='lat' dir='ltr'>dinibus</span> <span class='ocrx_word' id='word_1_714' title='bbox 339 3538 423 3570; x_wconf 84' lang='lat' dir='ltr'>prout</span> <span class='ocrx_word' id='word_1_715' title='bbox 439 3529 585 3558; x_wconf 77' lang='lat' dir='ltr'>videbitur.</span> 
     </span>
    </p>

    <p class='ocr_par' dir='ltr' id='par_1_16' title="bbox 214 3567 1276 3723">
     <span class='ocr_line' id='line_1_85' title="bbox 253 3567 1276 3606; baseline 0.002 -6"><span class='ocrx_word' id='word_1_716' title='bbox 253 3570 327 3600; x_wconf 75' lang='lat' dir='ltr'>[TE</span> <span class='ocrx_word' id='word_1_717' title='bbox 338 3577 363 3598; x_wconf 80' lang='lat' dir='ltr'>M</span> <span class='ocrx_word' id='word_1_718' title='bbox 374 3592 383 3606; x_wconf 95' lang='lat'>,</span> <span class='ocrx_word' id='word_1_719' title='bbox 401 3568 479 3604; x_wconf 81' lang='lat' dir='ltr'>quod</span> <span class='ocrx_word' id='word_1_720' title='bbox 493 3576 593 3597; x_wconf 88' lang='lat' dir='ltr'>omnes</span> <span class='ocrx_word' id='word_1_721' title='bbox 609 3567 641 3597; x_wconf 89' lang='lat'>&amp;</span> <span class='ocrx_word' id='word_1_722' title='bbox 664 3567 758 3605; x_wconf 76' lang='lat' dir='ltr'>singuli</span> <span class='ocrx_word' id='word_1_723' title='bbox 777 3568 903 3604; x_wconf 70' lang='lat' dir='ltr'>praedie’ti</span> <span class='ocrx_word' id='word_1_724' title='bbox 928 3571 1032 3598; x_wconf 84' lang='lat' dir='ltr'>Priores</span> <span class='ocrx_word' id='word_1_725' title='bbox 1056 3568 1094 3603; x_wconf 81' lang='lat'><em>&amp;</em></span> <span class='ocrx_word' id='word_1_726' title='bbox 1121 3570 1276 3602; x_wconf 69' lang='lat' dir='ltr'>Conventus</span> 
     </span>
     <span class='ocr_line' id='line_1_86' title="bbox 214 3604 1275 3644; baseline 0.005 -8"><span class='ocrx_word' id='word_1_727' title='bbox 214 3607 282 3638; x_wconf 88' lang='lat' dir='ltr'>Nos</span> <span class='ocrx_word' id='word_1_728' title='bbox 295 3610 327 3640; x_wconf 67' lang='grc' dir='ltr'>ὃ(</span> <span class='ocrx_word' id='word_1_729' title='bbox 343 3606 523 3637; x_wconf 78' lang='lat' dir='ltr'>Succeffores</span> <span class='ocrx_word' id='word_1_730' title='bbox 538 3604 649 3634; x_wconf 83' lang='lat' dir='ltr'>nostros</span> <span class='ocrx_word' id='word_1_731' title='bbox 665 3604 859 3635; x_wconf 64' lang='lat' dir='ltr'>Conscientia:</span> <span class='ocrx_word' id='word_1_732' title='bbox 875 3607 905 3636; x_wconf 86' lang='lat'>&amp;</span> <span class='ocrx_word' id='word_1_733' title='bbox 919 3606 1275 3644; x_wconf 79' lang='lat' dir='ltr'>jurisjurandiSacramen-</span> 
     </span>
     <span class='ocr_line' id='line_1_87' title="bbox 215 3643 1273 3683; baseline 0.003 -7"><span class='ocrx_word' id='word_1_734' title='bbox 215 3654 247 3676; x_wconf 85' lang='lat' dir='ltr'>to</span> <span class='ocrx_word' id='word_1_735' title='bbox 264 3646 379 3676; x_wconf 80' lang='lat' dir='ltr'>firmiter</span> <span class='ocrx_word' id='word_1_736' title='bbox 396 3645 565 3683; x_wconf 80' lang='lat' dir='ltr'>Obligamus</span> <span class='ocrx_word' id='word_1_737' title='bbox 581 3643 658 3681; x_wconf 87' lang='lat' dir='ltr'>quod</span> <span class='ocrx_word' id='word_1_738' title='bbox 675 3645 774 3674; x_wconf 86' lang='lat' dir='ltr'>omnia</span> <span class='ocrx_word' id='word_1_739' title='bbox 790 3645 823 3675; x_wconf 69' lang='grc' dir='ltr'>ὃ(</span> <span class='ocrx_word' id='word_1_740' title='bbox 839 3644 941 3683; x_wconf 80' lang='lat' dir='ltr'>singula</span> <span class='ocrx_word' id='word_1_741' title='bbox 960 3645 1092 3682; x_wconf 71' lang='lat' dir='ltr'>praedie‘ta</span> <span class='ocrx_word' id='word_1_742' title='bbox 1109 3646 1226 3678; x_wconf 84' lang='lat' dir='ltr'>fideliter</span> <span class='ocrx_word' id='word_1_743' title='bbox 1241 3651 1273 3680; x_wconf 76' lang='grc' dir='ltr'>δε</span> 
     </span>
     <span class='ocr_line' id='line_1_88' title="bbox 217 3683 659 3723; baseline -0.005 -10"><span class='ocrx_word' id='word_1_744' title='bbox 217 3685 426 3723; x_wconf 77' lang='lat' dir='ltr'>imperpetuum</span> <span class='ocrx_word' id='word_1_745' title='bbox 442 3683 659 3714; x_wconf 83' lang='lat' dir='ltr'>observabimus.</span> 
     </span>
    </p>
   </div>
   <div class='ocr_carea' id='block_1_5' title="bbox 74 1120 206 1200">
    <p class='ocr_par' dir='ltr' id='par_1_17' title="bbox 74 1120 206 1200">
     <span class='ocr_line' id='line_1_89' title="bbox 74 1120 206 1165; baseline 0.008 -15"><span class='ocrx_word' id='word_1_746' title='bbox 74 1120 206 1165; x_wconf 54' lang='lat' dir='ltr'>Ann.sD.</span> 
     </span>
     <span class='ocr_line' id='line_1_90' title="bbox 93 1168 182 1200; baseline 0.022 -2"><span class='ocrx_word' id='word_1_747' title='bbox 93 1168 182 1200; x_wconf 85' lang='lat'>1534·</span> 
     </span>
    </p>
   </div>
   <div class='ocr_carea' id='block_1_6' title="bbox 65 3101 179 3177">
    <p class='ocr_par' dir='ltr' id='par_1_18' title="bbox 65 3101 179 3177">
     <span class='ocr_line' id='line_1_91' title="bbox 65 3101 179 3132; baseline -0.009 -4"><span class='ocrx_word' id='word_1_748' title='bbox 65 3101 85 3120; x_wconf 61' lang='lat'>0</span> <span class='ocrx_word' id='word_1_749' title='bbox 97 3103 179 3132; x_wconf 74' lang='lat' dir='ltr'>xlv,</span> 
     </span>
     <span class='ocr_line' id='line_1_92' title="bbox 65 3149 132 3177; baseline 0.03 -2"><span class='ocrx_word' id='word_1_750' title='bbox 65 3149 132 3177; x_wconf 78' lang='lat'><strong>490·</strong></span> 
     </span>
    </p>
   </div>
   <div class='ocr_carea' id='block_1_7' title="bbox 210 3758 1273 3990">
    <p class='ocr_par' dir='ltr' id='par_1_19' title="bbox 215 3758 1273 3876">
     <span class='ocr_line' id='line_1_93' title="bbox 253 3758 1272 3799; baseline 0.005 -9"><span class='ocrx_word' id='word_1_751' title='bbox 253 3759 287 3790; x_wconf 89' lang='lat' dir='ltr'>In</span> <span class='ocrx_word' id='word_1_752' title='bbox 302 3762 380 3799; x_wconf 89' lang='lat' dir='ltr'>cujus</span> <span class='ocrx_word' id='word_1_753' title='bbox 396 3761 452 3792; x_wconf 89' lang='lat' dir='ltr'>Rei</span> <span class='ocrx_word' id='word_1_754' title='bbox 466 3760 683 3791; x_wconf 75' lang='lat' dir='ltr'>Testimonium</span> <span class='ocrx_word' id='word_1_755' title='bbox 698 3760 765 3790; x_wconf 86' lang='lat' dir='ltr'>huic</span> <span class='ocrx_word' id='word_1_756' title='bbox 775 3758 965 3790; x_wconf 88' lang='lat' dir='ltr'>Instrumento</span> <span class='ocrx_word' id='word_1_757' title='bbox 983 3760 1026 3790; x_wconf 88' lang='lat' dir='ltr'>vel</span> <span class='ocrx_word' id='word_1_758' title='bbox 1043 3760 1157 3799; x_wconf 87' lang='lat' dir='ltr'>Scripto</span> <span class='ocrx_word' id='word_1_759' title='bbox 1173 3764 1272 3794; x_wconf 87' lang='lat' dir='ltr'>nostro</span> 
     </span>
     <span class='ocr_line' id='line_1_94' title="bbox 215 3798 1273 3841; baseline 0.003 -12"><span class='ocrx_word' id='word_1_760' title='bbox 215 3801 381 3829; x_wconf 88' lang='lat' dir='ltr'>communia</span> <span class='ocrx_word' id='word_1_761' title='bbox 399 3800 490 3839; x_wconf 86' lang='lat' dir='ltr'>Sigilla</span> <span class='ocrx_word' id='word_1_762' title='bbox 506 3803 598 3829; x_wconf 81' lang='lat' dir='ltr'>nostra</span> <span class='ocrx_word' id='word_1_763' title='bbox 615 3798 816 3836; x_wconf 78' lang='lat' dir='ltr'>appendimus,</span> <span class='ocrx_word' id='word_1_764' title='bbox 835 3800 867 3830; x_wconf 66' lang='grc' dir='ltr'>ὃς</span> <span class='ocrx_word' id='word_1_765' title='bbox 885 3798 977 3828; x_wconf 83' lang='lat' dir='ltr'>nostra</span> <span class='ocrx_word' id='word_1_766' title='bbox 1003 3799 1136 3831; x_wconf 86' lang='lat' dir='ltr'>Nomina</span> <span class='ocrx_word' id='word_1_767' title='bbox 1155 3801 1273 3841; x_wconf 84' lang='lat' dir='ltr'>Propria</span> 
     </span>
     <span class='ocr_line' id='line_1_95' title="bbox 215 3836 654 3876; baseline -0.005 -9"><span class='ocrx_word' id='word_1_768' title='bbox 215 3836 329 3876; x_wconf 80' lang='lat' dir='ltr'>quisque</span> <span class='ocrx_word' id='word_1_769' title='bbox 347 3837 437 3868; x_wconf 86' lang='lat' dir='ltr'>Manu</span> <span class='ocrx_word' id='word_1_770' title='bbox 449 3838 654 3876; x_wconf 67' lang='lat' dir='ltr'>subscriplimm</span> 
     </span>
    </p>

    <p class='ocr_par' dir='ltr' id='par_1_20' title="bbox 210 3874 1273 3990">
     <span class='ocr_line' id='line_1_96' title="bbox 256 3874 1272 3918; baseline 0.005 -14"><span class='ocrx_word' id='word_1_771' title='bbox 256 3874 323 3904; x_wconf 87' lang='lat' dir='ltr'>Dat.</span> <span class='ocrx_word' id='word_1_772' title='bbox 340 3877 367 3904; x_wconf 87' lang='lat' dir='ltr'>in</span> <span class='ocrx_word' id='word_1_773' title='bbox 387 3876 513 3906; x_wconf 81' lang='lat' dir='ltr'>Domibur</span> <span class='ocrx_word' id='word_1_774' title='bbox 527 3876 621 3916; x_wconf 77' lang='lat' dir='ltr'>nostris</span> <span class='ocrx_word' id='word_1_775' title='bbox 656 3875 833 3914; x_wconf 66' lang='lat' dir='ltr'>opitularibus</span> <span class='ocrx_word' id='word_1_776' title='bbox 851 3874 908 3904; x_wconf 89' lang='lat' dir='ltr'>Die</span> <span class='ocrx_word' id='word_1_777' title='bbox 928 3875 1042 3911; x_wconf 79' lang='lat' dir='ltr'>Quinto</span> <span class='ocrx_word' id='word_1_778' title='bbox 1060 3876 1167 3908; x_wconf 80' lang='lat' dir='ltr'>Mensis</span> <span class='ocrx_word' id='word_1_779' title='bbox 1184 3879 1272 3918; x_wconf 84' lang='lat' dir='ltr'>Maii,</span> 
     </span>
     <span class='ocr_line' id='line_1_97' title="bbox 217 3911 1273 3955; baseline 0 -13"><span class='ocrx_word' id='word_1_780' title='bbox 217 3911 306 3942; x_wconf 86' lang='lat' dir='ltr'>Anno</span> <span class='ocrx_word' id='word_1_781' title='bbox 320 3911 424 3942; x_wconf 88' lang='lat' dir='ltr'>Christi</span> <span class='ocrx_word' id='word_1_782' title='bbox 441 3913 594 3945; x_wconf 79' lang='lat' dir='ltr'>Milleiimo</span> <span class='ocrx_word' id='word_1_783' title='bbox 612 3915 662 3952; x_wconf 78' lang='lat' dir='ltr'>Qu</span> <span class='ocrx_word' id='word_1_784' title='bbox 675 3915 851 3952; x_wconf 51' lang='lat' dir='ltr'>ngentesimo</span> <span class='ocrx_word' id='word_1_785' title='bbox 861 3913 1024 3955; x_wconf 64' lang='lat' dir='ltr'>Trigesimo</span> <span class='ocrx_word' id='word_1_786' title='bbox 1037 3924 1153 3954; x_wconf 88' lang='lat' dir='ltr'>quarto,</span> <span class='ocrx_word' id='word_1_787' title='bbox 1171 3918 1204 3948; x_wconf 87' lang='lat'>&amp;</span> <span class='ocrx_word' id='word_1_788' title='bbox 1214 3919 1273 3948; x_wconf 78' lang='lat' dir='ltr'>Re-</span> 
     </span>
     <span class='ocr_line' id='line_1_98' title="bbox 210 3950 1061 3990; baseline 0.004 -11"><span class='ocrx_word' id='word_1_789' title='bbox 210 3952 267 3988; x_wconf 56' lang='lat' dir='ltr'>&#39;gni</span> <span class='ocrx_word' id='word_1_790' title='bbox 283 3952 351 3980; x_wconf 80' lang='lat' dir='ltr'>vero</span> <span class='ocrx_word' id='word_1_791' title='bbox 370 3950 456 3990; x_wconf 81' lang='lat' dir='ltr'>Regis</span> <span class='ocrx_word' id='word_1_792' title='bbox 472 3952 557 3982; x_wconf 86' lang='lat' dir='ltr'>nostri</span> <span class='ocrx_word' id='word_1_793' title='bbox 570 3953 687 3983; x_wconf 81' lang='lat' dir='ltr'>Henrtci</span> <span class='ocrx_word' id='word_1_794' title='bbox 703 3952 808 3983; x_wconf 65' lang='lat' dir='ltr'>Ottavi</span> <span class='ocrx_word' id='word_1_795' title='bbox 827 3953 962 3982; x_wconf 72' lang='lat' dir='ltr'>vicetimo</span> <span class='ocrx_word' id='word_1_796' title='bbox 978 3952 1061 3982; x_wconf 80' lang='lat' dir='ltr'>sexto.</span> 
     </span>
    </p>
   </div>
   <div class='ocr_carea' id='block_1_8' title="bbox 246 4025 1272 4095">
    <p class='ocr_par' dir='ltr' id='par_1_21' title="bbox 211 4025 1272 4095">
     <span class='ocr_line' id='line_1_99' title="bbox 247 4025 1272 4069; baseline 0.012 -16"><span class='ocrx_word' id='word_1_797' title='bbox 247 4025 313 4065; x_wconf 82' lang='lat' dir='ltr'>Ego</span> <span class='ocrx_word' id='word_1_798' title='bbox 331 4026 435 4055; x_wconf 59' lang='lat' dir='ltr'>frater</span> <span class='ocrx_word' id='word_1_799' title='bbox 459 4027 750 4069; x_wconf 79' lang='lat' dir='ltr'>RichardusJugerth</span> <span class='ocrx_word' id='word_1_800' title='bbox 774 4032 868 4061; x_wconf 44' lang='lat' dir='ltr'>Prior*</span> <span class='ocrx_word' id='word_1_801' title='bbox 881 4028 1037 4061; x_wconf 70' lang='lat' dir='ltr'>Conventus</span> <span class='ocrx_word' id='word_1_802' title='bbox 1062 4031 1272 4066; x_wconf 74' lang='lat' dir='ltr'>Praedicatorum</span> 
     </span>
     <span class='ocr_line' id='line_1_100' title="bbox 246 4066 552 4095; baseline 0.003 -0.897"><span class='ocrx_word' id='word_1_803' title='bbox 246 4067 321 4095; x_wconf 86' lang='lat' dir='ltr'>Tom.</span> <span class='ocrx_word' id='word_1_804' title='bbox 345 4068 394 4095; x_wconf 89' lang='lat' dir='ltr'>VI.</span> <span class='ocrx_word' id='word_1_805' title='bbox 415 4066 495 4094; x_wconf 80' lang='lat' dir='ltr'>Part.</span> <span class='ocrx_word' id='word_1_806' title='bbox 511 4068 552 4095; x_wconf 87' lang='lat' dir='ltr'>II.</span> 
     </span>
    </p>
   </div>
   <div class='ocr_carea' id='block_1_9' title="bbox 2319 180 2395 220">
    <p class='ocr_par' dir='ltr' id='par_1_22' title="bbox 2319 180 2395 220">
     <span class='ocr_line' id='line_1_101' title="bbox 2319 180 2395 220; baseline 0.053 -4"><span class='ocrx_word' id='word_1_807' title='bbox 2319 180 2395 220; x_wconf 86' lang='lat'>193</span> 
     </span>
    </p>
   </div>
   <div class='ocr_carea' id='block_1_10' title="bbox 1331 236 2537 354">
    <p class='ocr_par' dir='ltr' id='par_1_23' title="bbox 1331 236 2537 354">
     <span class='ocr_line' id='line_1_102' title="bbox 1334 236 2537 288; baseline 0.012 -23"><span class='ocrx_word' id='word_1_808' title='bbox 1334 236 1455 275; x_wconf 78' lang='lat' dir='ltr'>Langley</span> <span class='ocrx_word' id='word_1_809' title='bbox 1472 239 1640 279; x_wconf 29' lang='lat' dir='ltr'>Regis-,cum</span> <span class='ocrx_word' id='word_1_810' title='bbox 1659 237 1773 284; x_wconf 65' lang='lat' dir='ltr'>Assensit</span> <span class='ocrx_word' id='word_1_811' title='bbox 1786 241 1920 282; x_wconf 81' lang='lat' dir='ltr'>omnium</span> <span class='ocrx_word' id='word_1_812' title='bbox 1937 242 2065 277; x_wconf 87' lang='lat' dir='ltr'>Fratrum</span> <span class='ocrx_word' id='word_1_813' title='bbox 2076 246 2378 288; x_wconf 70' lang='lat' dir='ltr'>Conventfispraediffl</span> <span class='ocrx_word' id='word_1_814' title='bbox 2404 246 2480 279; x_wconf 81' lang='lat' dir='ltr'>Arm.</span> <span class='ocrx_word' id='word_1_815' title='bbox 2494 247 2537 280; x_wconf 78' lang='lat' dir='ltr'>D.</span> 
     </span>
     <span class='ocr_line' id='line_1_103' title="bbox 1331 276 2510 354; baseline 0.012 -51"><span class='ocrx_word' id='word_1_816' title='bbox 1331 284 1391 304; x_wconf 86' lang='lat' dir='ltr'>non</span> <span class='ocrx_word' id='word_1_817' title='bbox 1411 276 1526 305; x_wconf 66' lang='lat' dir='ltr'>coaetus</span> <span class='ocrx_word' id='word_1_818' title='bbox 1539 276 1584 305; x_wconf 76' lang='lat' dir='ltr'>led</span> <span class='ocrx_word' id='word_1_819' title='bbox 1600 279 1700 313; x_wconf 73' lang='lat' dir='ltr'>sponte</span> <span class='ocrx_word' id='word_1_820' title='bbox 1714 276 1866 306; x_wconf 78' lang='lat' dir='ltr'>subscribo.</span> <span class='ocrx_word' id='word_1_821' title='bbox 2230 291 2235 295; x_wconf 79' lang='grc'><strong><em>’</em></strong></span> <span class='ocrx_word' id='word_1_822' title='bbox 2381 277 2389 291; x_wconf 80' lang='lat'>’</span> <span class='ocrx_word' id='word_1_823' title='bbox 2423 296 2510 354; x_wconf 53' lang='lat'><em>1533..</em></span> 
     </span>
    </p>
   </div>
   <div class='ocr_carea' id='block_1_11' title="bbox 1326 330 2507 461">
    <p class='ocr_par' dir='ltr' id='par_1_24' title="bbox 1326 330 2507 461">
     <span class='ocr_line' id='line_1_104' title="bbox 1363 330 2507 398; baseline 0.017 -17"><span class='ocrx_word' id='word_1_824' title='bbox 1363 351 1428 390; x_wconf 78' lang='lat' dir='ltr'>Ego</span> <span class='ocrx_word' id='word_1_825' title='bbox 1442 352 1536 382; x_wconf 80' lang='lat' dir='ltr'>Frater</span> <span class='ocrx_word' id='word_1_826' title='bbox 1550 352 1695 390; x_wconf 71' lang='lat' dir='ltr'>Jolmnnes</span> <span class='ocrx_word' id='word_1_827' title='bbox 1712 356 1739 383; x_wconf 90' lang='lat' dir='ltr'><em>V</em></span> <span class='ocrx_word' id='word_1_828' title='bbox 1733 352 1797 392; x_wconf 82' lang='lat' dir='ltr'>yall</span> <span class='ocrx_word' id='word_1_829' title='bbox 1810 354 2086 398; x_wconf 41' lang='lat' dir='ltr'>Sacrae-Theologiae</span> <span class='ocrx_word' id='word_1_830' title='bbox 2100 362 2213 395; x_wconf 62' lang='lat' dir='ltr'>Doctor</span> <span class='ocrx_word' id='word_1_831' title='bbox 2229 368 2306 397; x_wconf 90' lang='lat' dir='ltr'>Prior</span> <span class='ocrx_word' id='word_1_832' title='bbox 2314 371 2386 398; x_wconf 87' lang='lat' dir='ltr'>Con-</span> <span class='ocrx_word' id='word_1_833' title='bbox 2397 330 2461 354; x_wconf 42' lang='lat' dir='ltr'>Hm·</span> <span class='ocrx_word' id='word_1_834' title='bbox 2499 350 2507 357; x_wconf 47' lang='lat'><strong>·</strong></span> 
     </span>
     <span class='ocr_line' id='line_1_105' title="bbox 1326 390 2382 444; baseline 0.016 -27"><span class='ocrx_word' id='word_1_835' title='bbox 1326 399 1426 418; x_wconf 80' lang='lat' dir='ltr'>ventus</span> <span class='ocrx_word' id='word_1_836' title='bbox 1448 390 1620 434; x_wconf 64' lang='lat' dir='ltr'>Bedfordiae,</span> <span class='ocrx_word' id='word_1_837' title='bbox 1639 393 1693 422; x_wconf 60' lang='lat' dir='ltr'>uuit</span> <span class='ocrx_word' id='word_1_838' title='bbox 1714 401 1783 422; x_wconf 91' lang='lat' dir='ltr'>cum</span> <span class='ocrx_word' id='word_1_839' title='bbox 1807 392 1923 423; x_wconf 76' lang='lat' dir='ltr'>Affeniu</span> <span class='ocrx_word' id='word_1_840' title='bbox 1945 399 2078 428; x_wconf 88' lang='lat' dir='ltr'>omnium</span> <span class='ocrx_word' id='word_1_841' title='bbox 2101 400 2229 433; x_wconf 79' lang='lat' dir='ltr'>Fratrum</span> <span class='ocrx_word' id='word_1_842' title='bbox 2247 427 2256 442; x_wconf 80' lang='lat'>,</span> <span class='ocrx_word' id='word_1_843' title='bbox 2281 405 2382 444; x_wconf 70' lang='lat' dir='ltr'>sponte</span> 
     </span>
     <span class='ocr_line' id='line_1_106' title="bbox 1327 428 2348 461; baseline 0.006 -3"><span class='ocrx_word' id='word_1_844' title='bbox 1327 428 1384 458; x_wconf 91' lang='lat' dir='ltr'>hoc</span> <span class='ocrx_word' id='word_1_845' title='bbox 1401 429 1495 458; x_wconf 80' lang='lat' dir='ltr'>scribo</span> <span class='ocrx_word' id='word_1_846' title='bbox 1511 431 1549 460; x_wconf 66' lang='grc' dir='ltr'>ὃς.</span> <span class='ocrx_word' id='word_1_847' title='bbox 1563 440 1620 459; x_wconf 90' lang='lat' dir='ltr'>non</span> <span class='ocrx_word' id='word_1_848' title='bbox 1635 430 1760 460; x_wconf 62' lang='lat' dir='ltr'>conitus.</span> <span class='ocrx_word' id='word_1_849' title='bbox 2346 459 2348 461; x_wconf 63' lang='grc'>,</span> 
     </span>
    </p>
   </div>
   <div class='ocr_carea' id='block_1_12' title="bbox 1323 504 2383 622">
    <p class='ocr_par' dir='ltr' id='par_1_25' title="bbox 1323 504 2383 622">
     <span class='ocr_line' id='line_1_107' title="bbox 1363 504 2383 554; baseline 0.018 -20"><span class='ocrx_word' id='word_1_850' title='bbox 1363 504 1427 542; x_wconf 81' lang='lat' dir='ltr'>Ego</span> <span class='ocrx_word' id='word_1_851' title='bbox 1445 506 1546 549; x_wconf 78' lang='lat' dir='ltr'>Frater¹</span> <span class='ocrx_word' id='word_1_852' title='bbox 1563 506 1720 551; x_wconf 57' lang='lat' dir='ltr'>Edwardus</span> <span class='ocrx_word' id='word_1_853' title='bbox 1738 506 1830 550; x_wconf 64' lang='lat' dir='ltr'>Tyles</span> <span class='ocrx_word' id='word_1_854' title='bbox 1842 507 1934 538; x_wconf 88' lang='lat' dir='ltr'>Sacrae</span> <span class='ocrx_word' id='word_1_855' title='bbox 1959 509 2134 546; x_wconf 78' lang='lat' dir='ltr'>Theologiae</span> <span class='ocrx_word' id='word_1_856' title='bbox 2160 515 2331 552; x_wconf 86' lang='lat' dir='ltr'>Bachularius</span> <span class='ocrx_word' id='word_1_857' title='bbox 2348 524 2383 554; x_wconf 71' lang='grc' dir='ltr'>ὃς</span> 
     </span>
     <span class='ocr_line' id='line_1_108' title="bbox 1326 544 2382 591; baseline 0.015 -20"><span class='ocrx_word' id='word_1_858' title='bbox 1326 546 1482 587; x_wconf 73' lang='lat' dir='ltr'>Conventus</span> <span class='ocrx_word' id='word_1_859' title='bbox 1502 544 1668 582; x_wconf 77' lang='lat' dir='ltr'>Alisburiae,</span> <span class='ocrx_word' id='word_1_860' title='bbox 1688 556 1755 586; x_wconf 78' lang='lat' dir='ltr'>curn</span> <span class='ocrx_word' id='word_1_861' title='bbox 1770 546 1890 586; x_wconf 73' lang='lat' dir='ltr'>Aliensu</span> <span class='ocrx_word' id='word_1_862' title='bbox 1913 549 2047 589; x_wconf 74' lang='lat' dir='ltr'>omnium</span> <span class='ocrx_word' id='word_1_863' title='bbox 2062 550 2190 582; x_wconf 80' lang='lat' dir='ltr'>Fratrum</span> <span class='ocrx_word' id='word_1_864' title='bbox 2212 554 2382 591; x_wconf 65' lang='lat' dir='ltr'>Conventus</span> 
     </span>
     <span class='ocr_line' id='line_1_109' title="bbox 1323 582 2029 622; baseline 0.007 -12"><span class='ocrx_word' id='word_1_865' title='bbox 1323 582 1470 620; x_wconf 68' lang='lat' dir='ltr'>praedien,</span> <span class='ocrx_word' id='word_1_866' title='bbox 1489 592 1548 612; x_wconf 93' lang='lat' dir='ltr'>non</span> <span class='ocrx_word' id='word_1_867' title='bbox 1569 585 1686 614; x_wconf 63' lang='lat' dir='ltr'>maestus</span> <span class='ocrx_word' id='word_1_868' title='bbox 1702 584 1746 614; x_wconf 82' lang='lat' dir='ltr'>led</span> <span class='ocrx_word' id='word_1_869' title='bbox 1761 585 1862 622; x_wconf 72' lang='lat' dir='ltr'>sponte</span> <span class='ocrx_word' id='word_1_870' title='bbox 1877 585 2029 616; x_wconf 81' lang='lat' dir='ltr'>subscribo.</span> 
     </span>
    </p>
   </div>
   <div class='ocr_carea' id='block_1_13' title="bbox 1322 657 2382 774">
    <p class='ocr_par' dir='ltr' id='par_1_26' title="bbox 1322 657 2382 774">
     <span class='ocr_line' id='line_1_110' title="bbox 1360 657 2382 703; baseline 0.013 -17"><span class='ocrx_word' id='word_1_871' title='bbox 1360 657 1425 696; x_wconf 86' lang='lat' dir='ltr'>Ego</span> <span class='ocrx_word' id='word_1_872' title='bbox 1445 659 1540 688; x_wconf 78' lang='lat' dir='ltr'>Frater</span> <span class='ocrx_word' id='word_1_873' title='bbox 1553 658 1679 696; x_wconf 79' lang='lat' dir='ltr'>Joannes</span> <span class='ocrx_word' id='word_1_874' title='bbox 1696 659 1796 689; x_wconf 76' lang='lat' dir='ltr'>Butler</span> <span class='ocrx_word' id='word_1_875' title='bbox 1819 663 1897 691; x_wconf 89' lang='lat' dir='ltr'>Prior</span> <span class='ocrx_word' id='word_1_876' title='bbox 1922 666 2077 693; x_wconf 81' lang='lat' dir='ltr'>Conventus</span> <span class='ocrx_word' id='word_1_877' title='bbox 2098 666 2305 699; x_wconf 83' lang='lat' dir='ltr'>Carmelitarum</span> <span class='ocrx_word' id='word_1_878' title='bbox 2326 676 2382 703; x_wconf 68' lang='lat' dir='ltr'>Hi.</span> 
     </span>
     <span class='ocr_line' id='line_1_111' title="bbox 1322 696 2381 745; baseline 0.013 -21"><span class='ocrx_word' id='word_1_879' title='bbox 1322 696 1448 734; x_wconf 78' lang='lat' dir='ltr'>chingiae,</span> <span class='ocrx_word' id='word_1_880' title='bbox 1465 706 1533 726; x_wconf 90' lang='lat' dir='ltr'>cum</span> <span class='ocrx_word' id='word_1_881' title='bbox 1550 697 1668 728; x_wconf 83' lang='lat' dir='ltr'>Assensu</span> <span class='ocrx_word' id='word_1_882' title='bbox 1685 700 1815 742; x_wconf 83' lang='lat' dir='ltr'>omnium</span> <span class='ocrx_word' id='word_1_883' title='bbox 1829 700 1956 732; x_wconf 89' lang='lat' dir='ltr'>Fratrum</span> <span class='ocrx_word' id='word_1_884' title='bbox 1973 701 2145 733; x_wconf 75' lang='lat' dir='ltr'>Conventus</span> <span class='ocrx_word' id='word_1_885' title='bbox 2160 706 2300 745; x_wconf 61' lang='lat' dir='ltr'>praedifti,</span> <span class='ocrx_word' id='word_1_886' title='bbox 2321 721 2381 742; x_wconf 83' lang='lat' dir='ltr'>non</span> 
     </span>
     <span class='ocr_line' id='line_1_112' title="bbox 1322 735 1778 774; baseline 0.004 -10"><span class='ocrx_word' id='word_1_887' title='bbox 1322 735 1438 765; x_wconf 67' lang='lat' dir='ltr'>coaetus</span> <span class='ocrx_word' id='word_1_888' title='bbox 1454 735 1498 765; x_wconf 91' lang='lat' dir='ltr'>sed</span> <span class='ocrx_word' id='word_1_889' title='bbox 1511 735 1610 774; x_wconf 86' lang='lat' dir='ltr'>sponte</span> <span class='ocrx_word' id='word_1_890' title='bbox 1626 736 1778 766; x_wconf 86' lang='lat' dir='ltr'>subscribo.</span> 
     </span>
    </p>
   </div>
   <div class='ocr_carea' id='block_1_14' title="bbox 1365 809 2384 861">
    <p class='ocr_par' dir='ltr' id='par_1_27' title="bbox 1365 809 2384 861">
     <span class='ocr_line' id='line_1_113' title="bbox 1365 809 2384 861; baseline 0.011 -21"><span class='ocrx_word' id='word_1_891' title='bbox 1365 809 1429 850; x_wconf 82' lang='lat' dir='ltr'>Ego</span> <span class='ocrx_word' id='word_1_892' title='bbox 1454 811 1549 842; x_wconf 81' lang='lat' dir='ltr'>Frater</span> <span class='ocrx_word' id='word_1_893' title='bbox 1573 811 1718 850; x_wconf 76' lang='lat' dir='ltr'>Johannes</span> <span class='ocrx_word' id='word_1_894' title='bbox 1740 816 1823 842; x_wconf 84' lang='lat' dir='ltr'>Coton</span> <span class='ocrx_word' id='word_1_895' title='bbox 1854 817 1933 844; x_wconf 89' lang='lat' dir='ltr'>Prior</span> <span class='ocrx_word' id='word_1_896' title='bbox 1960 817 2172 847; x_wconf 82' lang='lat' dir='ltr'>Praedicatorum</span> <span class='ocrx_word' id='word_1_897' title='bbox 2196 820 2384 861; x_wconf 73' lang='lat' dir='ltr'>Dunslabliae,</span> 
     </span>
    </p>
   </div>
   <div class='ocr_carea' id='block_1_15' title="bbox 1322 849 2383 925">
    <p class='ocr_par' dir='ltr' id='par_1_28' title="bbox 1322 849 2383 925">
     <span class='ocr_line' id='line_1_114' title="bbox 1322 849 2383 895; baseline 0.013 -18"><span class='ocrx_word' id='word_1_898' title='bbox 1322 859 1390 879; x_wconf 86' lang='lat' dir='ltr'>cum</span> <span class='ocrx_word' id='word_1_899' title='bbox 1405 849 1522 879; x_wconf 83' lang='lat' dir='ltr'>Assensu</span> <span class='ocrx_word' id='word_1_900' title='bbox 1539 852 1674 881; x_wconf 90' lang='lat' dir='ltr'>omnium</span> <span class='ocrx_word' id='word_1_901' title='bbox 1688 851 1820 882; x_wconf 88' lang='lat' dir='ltr'>Fratrum</span> <span class='ocrx_word' id='word_1_902' title='bbox 1839 852 2010 885; x_wconf 70' lang='lat' dir='ltr'>Conventus</span> <span class='ocrx_word' id='word_1_903' title='bbox 2027 856 2171 895; x_wconf 53' lang='lat' dir='ltr'>praedicti,</span> <span class='ocrx_word' id='word_1_904' title='bbox 2186 868 2246 889; x_wconf 89' lang='lat' dir='ltr'>non</span> <span class='ocrx_word' id='word_1_905' title='bbox 2268 861 2383 893; x_wconf 60' lang='lat' dir='ltr'>coaestus</span> 
     </span>
     <span class='ocr_line' id='line_1_115' title="bbox 1322 887 1652 925; baseline 0.003 -8"><span class='ocrx_word' id='word_1_906' title='bbox 1322 887 1369 918; x_wconf 86' lang='lat' dir='ltr'>sed</span> <span class='ocrx_word' id='word_1_907' title='bbox 1383 887 1487 925; x_wconf 83' lang='lat' dir='ltr'>sponte</span> <span class='ocrx_word' id='word_1_908' title='bbox 1502 888 1652 920; x_wconf 85' lang='lat' dir='ltr'>subscribo.</span> 
     </span>
    </p>
   </div>
   <div class='ocr_carea' id='block_1_16' title="bbox 1321 963 2382 1081">
    <p class='ocr_par' dir='ltr' id='par_1_29' title="bbox 1321 963 2382 1081">
     <span class='ocr_line' id='line_1_116' title="bbox 1359 963 2382 1007; baseline 0.012 -13"><span class='ocrx_word' id='word_1_909' title='bbox 1359 963 1423 1003; x_wconf 89' lang='lat' dir='ltr'>Ego</span> <span class='ocrx_word' id='word_1_910' title='bbox 1439 965 1533 995; x_wconf 88' lang='lat' dir='ltr'>Frater</span> <span class='ocrx_word' id='word_1_911' title='bbox 1548 965 1663 996; x_wconf 85' lang='lat' dir='ltr'>Thomas</span> <span class='ocrx_word' id='word_1_912' title='bbox 1678 966 1816 1005; x_wconf 83' lang='lat' dir='ltr'>Chapman</span> <span class='ocrx_word' id='word_1_913' title='bbox 1830 967 1923 997; x_wconf 69' lang='lat' dir='ltr'>Sacra:</span> <span class='ocrx_word' id='word_1_914' title='bbox 1937 968 2109 1007; x_wconf 80' lang='lat' dir='ltr'>Theologiae</span> <span class='ocrx_word' id='word_1_915' title='bbox 2133 971 2310 1005; x_wconf 87' lang='lat' dir='ltr'>Bachularius</span> <span class='ocrx_word' id='word_1_916' title='bbox 2329 976 2382 1006; x_wconf 82' lang='lat' dir='ltr'>sci-</span> 
     </span>
     <span class='ocr_line' id='line_1_117' title="bbox 1321 1002 2381 1046; baseline 0.013 -15"><span class='ocrx_word' id='word_1_917' title='bbox 1321 1002 1387 1032; x_wconf 88' lang='lat' dir='ltr'>licet</span> <span class='ocrx_word' id='word_1_918' title='bbox 1407 1004 1552 1034; x_wconf 83' lang='lat' dir='ltr'>immerito</span> <span class='ocrx_word' id='word_1_919' title='bbox 1568 1008 1723 1034; x_wconf 80' lang='lat' dir='ltr'>Conventus</span> <span class='ocrx_word' id='word_1_920' title='bbox 1737 1008 1819 1034; x_wconf 88' lang='lat' dir='ltr'>Ware</span> <span class='ocrx_word' id='word_1_921' title='bbox 1833 1006 2009 1046; x_wconf 75' lang='lat' dir='ltr'>Cardianus,</span> <span class='ocrx_word' id='word_1_922' title='bbox 2025 1018 2095 1040; x_wconf 87' lang='lat' dir='ltr'>cum</span> <span class='ocrx_word' id='word_1_923' title='bbox 2111 1009 2227 1042; x_wconf 87' lang='lat' dir='ltr'>Assensu</span> <span class='ocrx_word' id='word_1_924' title='bbox 2244 1015 2381 1045; x_wconf 87' lang='lat' dir='ltr'>omnium</span> 
     </span>
     <span class='ocr_line' id='line_1_118' title="bbox 1322 1041 1833 1081; baseline 0.006 -10"><span class='ocrx_word' id='word_1_925' title='bbox 1322 1041 1470 1080; x_wconf 79' lang='lat' dir='ltr'>Fratrum,</span> <span class='ocrx_word' id='word_1_926' title='bbox 1492 1042 1556 1074; x_wconf 73' lang='lat' dir='ltr'>mea</span> <span class='ocrx_word' id='word_1_927' title='bbox 1568 1043 1666 1081; x_wconf 85' lang='lat' dir='ltr'>sponte</span> <span class='ocrx_word' id='word_1_928' title='bbox 1679 1044 1833 1075; x_wconf 87' lang='lat' dir='ltr'>subscribo.</span> 
     </span>
    </p>
   </div>
   <div class='ocr_carea' id='block_1_17' title="bbox 1317 1129 2384 1705">
    <p class='ocr_par' dir='ltr' id='par_1_30' title="bbox 1317 1129 2384 1705">
     <span class='ocr_line' id='line_1_119' title="bbox 1359 1129 2383 1171; baseline 0.01 -12"><span class='ocrx_word' id='word_1_929' title='bbox 1359 1129 1385 1160; x_wconf 92' lang='lat' dir='ltr'>E</span> <span class='ocrx_word' id='word_1_930' title='bbox 1395 1138 1417 1159; x_wconf 77' lang='grc' dir='ltr'><strong>τ</strong></span> <span class='ocrx_word' id='word_1_931' title='bbox 1441 1129 1475 1160; x_wconf 88' lang='grc' dir='ltr'><em>Μ</em></span> <span class='ocrx_word' id='word_1_932' title='bbox 1485 1140 1503 1161; x_wconf 73' lang='lat' dir='ltr'>E</span> <span class='ocrx_word' id='word_1_933' title='bbox 1513 1140 1568 1162; x_wconf 87' lang='lat' dir='ltr'>Mo</span> <span class='ocrx_word' id='word_1_934' title='bbox 1580 1140 1603 1162; x_wconf 78' lang='lat' dir='ltr'>R</span> <span class='ocrx_word' id='word_1_935' title='bbox 1615 1142 1632 1162; x_wconf 80' lang='lat' dir='ltr'>A</span> <span class='ocrx_word' id='word_1_936' title='bbox 1642 1141 1664 1162; x_wconf 80' lang='lat' dir='ltr'>N</span> <span class='ocrx_word' id='word_1_937' title='bbox 1675 1141 1696 1163; x_wconf 80' lang='lat' dir='ltr'>n</span> <span class='ocrx_word' id='word_1_938' title='bbox 1705 1141 1726 1163; x_wconf 87' lang='grc' dir='ltr'>υ</span> <span class='ocrx_word' id='word_1_939' title='bbox 1736 1141 1762 1163; x_wconf 84' lang='lat' dir='ltr'><strong>M</strong></span> <span class='ocrx_word' id='word_1_940' title='bbox 1781 1131 1986 1171; x_wconf 69' lang='lat' dir='ltr'>quodpraedicti</span> <span class='ocrx_word' id='word_1_941' title='bbox 2000 1134 2081 1165; x_wconf 90' lang='lat' dir='ltr'>Prior</span> <span class='ocrx_word' id='word_1_942' title='bbox 2091 1135 2123 1166; x_wconf 90' lang='lat'>&amp;</span> <span class='ocrx_word' id='word_1_943' title='bbox 2138 1135 2309 1168; x_wconf 88' lang='lat' dir='ltr'>Conventus</span> <span class='ocrx_word' id='word_1_944' title='bbox 2318 1138 2383 1169; x_wconf 51' lang='lat' dir='ltr'>Orss</span> 
     </span>
     <span class='ocr_line' id='line_1_120' title="bbox 1324 1167 2384 1216; baseline 0.009 -19"><span class='ocrx_word' id='word_1_945' title='bbox 1324 1167 1396 1198; x_wconf 88' lang='lat' dir='ltr'>dinis</span> <span class='ocrx_word' id='word_1_946' title='bbox 1412 1168 1540 1200; x_wconf 85' lang='lat' dir='ltr'>Fratrum</span> <span class='ocrx_word' id='word_1_947' title='bbox 1559 1170 1782 1202; x_wconf 79' lang='lat' dir='ltr'>Praedicatorum</span> <span class='ocrx_word' id='word_1_948' title='bbox 1800 1172 1836 1201; x_wconf 89' lang='lat' dir='ltr'>de</span> <span class='ocrx_word' id='word_1_949' title='bbox 1853 1171 1976 1210; x_wconf 86' lang='lat' dir='ltr'>Langley</span> <span class='ocrx_word' id='word_1_950' title='bbox 1991 1173 2076 1212; x_wconf 64' lang='lat' dir='ltr'>Regis</span> <span class='ocrx_word' id='word_1_951' title='bbox 2097 1173 2205 1214; x_wconf 72' lang='lat' dir='ltr'>Qinto</span> <span class='ocrx_word' id='word_1_952' title='bbox 2229 1179 2280 1205; x_wconf 82' lang='lat' dir='ltr'>Die</span> <span class='ocrx_word' id='word_1_953' title='bbox 2300 1181 2384 1216; x_wconf 80' lang='lat' dir='ltr'>Maii,</span> 
     </span>
     <span class='ocr_line' id='line_1_121' title="bbox 1325 1205 2383 1253; baseline 0.009 -18"><span class='ocrx_word' id='word_1_954' title='bbox 1325 1205 1362 1241; x_wconf 59' lang='grc' dir='ltr'>όν</span> <span class='ocrx_word' id='word_1_955' title='bbox 1379 1208 1507 1245; x_wconf 57' lang='lat' dir='ltr'>praedicti</span> <span class='ocrx_word' id='word_1_956' title='bbox 1523 1208 1602 1238; x_wconf 88' lang='lat' dir='ltr'>Prior</span> <span class='ocrx_word' id='word_1_957' title='bbox 1618 1210 1650 1239; x_wconf 90' lang='lat'>&amp;</span> <span class='ocrx_word' id='word_1_958' title='bbox 1667 1209 1836 1240; x_wconf 83' lang='lat' dir='ltr'>Conventus</span> <span class='ocrx_word' id='word_1_959' title='bbox 1849 1210 1885 1239; x_wconf 89' lang='lat' dir='ltr'>de</span> <span class='ocrx_word' id='word_1_960' title='bbox 1901 1211 2055 1251; x_wconf 77' lang='lat' dir='ltr'>Aylesbury</span> <span class='ocrx_word' id='word_1_961' title='bbox 2071 1216 2153 1242; x_wconf 78' lang='lat' dir='ltr'>Sexto</span> <span class='ocrx_word' id='word_1_962' title='bbox 2167 1216 2221 1242; x_wconf 87' lang='lat' dir='ltr'>Die</span> <span class='ocrx_word' id='word_1_963' title='bbox 2240 1218 2328 1253; x_wconf 70' lang='lat' dir='ltr'>Maii,</span> <span class='ocrx_word' id='word_1_964' title='bbox 2344 1215 2383 1251; x_wconf 74' lang='lat'>&amp;-</span> 
     </span>
     <span class='ocr_line' id='line_1_122' title="bbox 1325 1246 2384 1293; baseline 0.008 -19"><span class='ocrx_word' id='word_1_965' title='bbox 1325 1246 1453 1282; x_wconf 56' lang='lat' dir='ltr'>praedicti</span> <span class='ocrx_word' id='word_1_966' title='bbox 1470 1246 1553 1276; x_wconf 89' lang='lat' dir='ltr'>Prior</span> <span class='ocrx_word' id='word_1_967' title='bbox 1566 1249 1599 1278; x_wconf 90' lang='lat'>&amp;</span> <span class='ocrx_word' id='word_1_968' title='bbox 1613 1247 1784 1278; x_wconf 91' lang='lat' dir='ltr'>Conventus</span> <span class='ocrx_word' id='word_1_969' title='bbox 1796 1248 1832 1278; x_wconf 87' lang='lat' dir='ltr'>de</span> <span class='ocrx_word' id='word_1_970' title='bbox 1849 1247 2008 1279; x_wconf 89' lang='lat' dir='ltr'>Dunstable</span> <span class='ocrx_word' id='word_1_971' title='bbox 2024 1252 2113 1279; x_wconf 78' lang='lat' dir='ltr'>eodem</span> <span class='ocrx_word' id='word_1_972' title='bbox 2127 1255 2208 1281; x_wconf 79' lang='lat' dir='ltr'>Sexto</span> <span class='ocrx_word' id='word_1_973' title='bbox 2224 1255 2277 1281; x_wconf 80' lang='lat' dir='ltr'>Die</span> <span class='ocrx_word' id='word_1_974' title='bbox 2294 1257 2384 1293; x_wconf 83' lang='lat' dir='ltr'>Maii,</span> 
     </span>
     <span class='ocr_line' id='line_1_123' title="bbox 1324 1283 2384 1331; baseline 0.008 -18"><span class='ocrx_word' id='word_1_975' title='bbox 1324 1283 1362 1317; x_wconf 60' lang='grc' dir='ltr'><strong><em>ὠ</em></strong></span> <span class='ocrx_word' id='word_1_976' title='bbox 1378 1285 1505 1322; x_wconf 59' lang='lat' dir='ltr'>praedicti</span> <span class='ocrx_word' id='word_1_977' title='bbox 1524 1285 1653 1316; x_wconf 89' lang='lat' dir='ltr'>Prior.&amp;</span> <span class='ocrx_word' id='word_1_978' title='bbox 1675 1285 1846 1317; x_wconf 77' lang='lat' dir='ltr'>Conventus</span> <span class='ocrx_word' id='word_1_979' title='bbox 1866 1288 1902 1317; x_wconf 93' lang='lat' dir='ltr'>de</span> <span class='ocrx_word' id='word_1_980' title='bbox 1918 1287 2063 1318; x_wconf 80' lang='lat' dir='ltr'>Bedfordia</span> <span class='ocrx_word' id='word_1_981' title='bbox 2084 1293 2198 1327; x_wconf 85' lang='lat' dir='ltr'>Septimo</span> <span class='ocrx_word' id='word_1_982' title='bbox 2221 1294 2276 1320; x_wconf 86' lang='lat' dir='ltr'>Die</span> <span class='ocrx_word' id='word_1_983' title='bbox 2294 1295 2384 1331; x_wconf 77' lang='lat' dir='ltr'>Maii,</span> 
     </span>
     <span class='ocr_line' id='line_1_124' title="bbox 1324 1321 2382 1368; baseline 0.009 -18"><span class='ocrx_word' id='word_1_984' title='bbox 1324 1321 1362 1356; x_wconf 61' lang='lat' dir='ltr'>dm</span> <span class='ocrx_word' id='word_1_985' title='bbox 1377 1323 1506 1361; x_wconf 62' lang='lat' dir='ltr'>praedieti</span> <span class='ocrx_word' id='word_1_986' title='bbox 1522 1323 1604 1354; x_wconf 90' lang='lat' dir='ltr'>Prior</span> <span class='ocrx_word' id='word_1_987' title='bbox 1619 1325 1651 1354; x_wconf 67' lang='grc' dir='ltr'>ὃ(</span> <span class='ocrx_word' id='word_1_988' title='bbox 1669 1323 1837 1355; x_wconf 89' lang='lat' dir='ltr'>Conventus</span> <span class='ocrx_word' id='word_1_989' title='bbox 1850 1326 1884 1355; x_wconf 89' lang='lat' dir='ltr'>de</span> <span class='ocrx_word' id='word_1_990' title='bbox 1897 1325 2022 1365; x_wconf 83' lang='lat' dir='ltr'>Hychyn</span> <span class='ocrx_word' id='word_1_991' title='bbox 2039 1329 2148 1357; x_wconf 66' lang='lat' dir='ltr'>cht&#39;avo</span> <span class='ocrx_word' id='word_1_992' title='bbox 2165 1331 2218 1357; x_wconf 88' lang='lat' dir='ltr'>Die</span> <span class='ocrx_word' id='word_1_993' title='bbox 2237 1333 2326 1368; x_wconf 82' lang='lat' dir='ltr'>Maii,</span> <span class='ocrx_word' id='word_1_994' title='bbox 2343 1329 2382 1366; x_wconf 61' lang='grc' dir='ltr'>ἀι</span> 
     </span>
     <span class='ocr_line' id='line_1_125' title="bbox 1326 1361 2382 1407; baseline 0.009 -18"><span class='ocrx_word' id='word_1_995' title='bbox 1326 1362 1452 1397; x_wconf 72' lang='lat' dir='ltr'>praeditsti</span> <span class='ocrx_word' id='word_1_996' title='bbox 1468 1361 1548 1391; x_wconf 87' lang='lat' dir='ltr'>Prior</span> <span class='ocrx_word' id='word_1_997' title='bbox 1562 1362 1596 1392; x_wconf 86' lang='lat'>&amp;</span> <span class='ocrx_word' id='word_1_998' title='bbox 1612 1361 1782 1393; x_wconf 84' lang='lat' dir='ltr'>Conventus</span> <span class='ocrx_word' id='word_1_999' title='bbox 1794 1364 1829 1393; x_wconf 88' lang='lat' dir='ltr'>de</span> <span class='ocrx_word' id='word_1_1000' title='bbox 1847 1363 1889 1392; x_wconf 87' lang='lat' dir='ltr'>W</span> <span class='ocrx_word' id='word_1_1001' title='bbox 1891 1374 1937 1393; x_wconf 85' lang='lat' dir='ltr'>are</span> <span class='ocrx_word' id='word_1_1002' title='bbox 1957 1366 2037 1394; x_wconf 88' lang='lat' dir='ltr'>Nono</span> <span class='ocrx_word' id='word_1_1003' title='bbox 2052 1369 2105 1394; x_wconf 77' lang='lat' dir='ltr'>Die</span> <span class='ocrx_word' id='word_1_1004' title='bbox 2121 1370 2194 1396; x_wconf 85' lang='lat' dir='ltr'>Maii</span> <span class='ocrx_word' id='word_1_1005' title='bbox 2209 1373 2295 1398; x_wconf 83' lang='lat' dir='ltr'>Anno</span> <span class='ocrx_word' id='word_1_1006' title='bbox 2307 1377 2382 1407; x_wconf 81' lang='lat' dir='ltr'>prae-</span> 
     </span>
     <span class='ocr_line' id='line_1_126' title="bbox 1317 1398 2383 1438; baseline 0.008 -10"><span class='ocrx_word' id='word_1_1007' title='bbox 1317 1398 1410 1438; x_wconf 78' lang='lat' dir='ltr'>senti,</span> <span class='ocrx_word' id='word_1_1008' title='bbox 1430 1411 1516 1429; x_wconf 85' lang='lat' dir='ltr'>coram</span> <span class='ocrx_word' id='word_1_1009' title='bbox 1531 1399 1665 1437; x_wconf 79' lang='lat' dir='ltr'>Georgio</span> <span class='ocrx_word' id='word_1_1010' title='bbox 1680 1400 1801 1432; x_wconf 82' lang='lat' dir='ltr'>Browne</span> <span class='ocrx_word' id='word_1_1011' title='bbox 1822 1401 1920 1431; x_wconf 89' lang='lat' dir='ltr'>Priore</span> <span class='ocrx_word' id='word_1_1012' title='bbox 1940 1403 2066 1433; x_wconf 86' lang='lat' dir='ltr'>Fratrum</span> <span class='ocrx_word' id='word_1_1013' title='bbox 2085 1404 2295 1436; x_wconf 65' lang='lat' dir='ltr'>H‘remitarum</span> <span class='ocrx_word' id='word_1_1014' title='bbox 2312 1411 2383 1437; x_wconf 81' lang='lat' dir='ltr'>San—</span> 
     </span>
     <span class='ocr_line' id='line_1_127' title="bbox 1326 1438 2380 1476; baseline 0.007 -9"><span class='ocrx_word' id='word_1_1015' title='bbox 1326 1439 1364 1467; x_wconf 67' lang='lat' dir='ltr'>tii</span> <span class='ocrx_word' id='word_1_1016' title='bbox 1379 1438 1524 1476; x_wconf 75' lang='lat' dir='ltr'>Augustini</span> <span class='ocrx_word' id='word_1_1017' title='bbox 1546 1440 1694 1469; x_wconf 84' lang='lat' dir='ltr'>Londoniae</span> <span class='ocrx_word' id='word_1_1018' title='bbox 1716 1439 1753 1474; x_wconf 79' lang='lat'><em>&amp;</em></span> <span class='ocrx_word' id='word_1_1019' title='bbox 1777 1442 1869 1469; x_wconf 85' lang='lat' dir='ltr'>Priore</span> <span class='ocrx_word' id='word_1_1020' title='bbox 1889 1441 2056 1470; x_wconf 75' lang='lat' dir='ltr'>Provinciali</span> <span class='ocrx_word' id='word_1_1021' title='bbox 2075 1449 2157 1472; x_wconf 72' lang='lat' dir='ltr'>totius</span> <span class='ocrx_word' id='word_1_1022' title='bbox 2178 1444 2289 1474; x_wconf 84' lang='lat' dir='ltr'>Ordinis</span> <span class='ocrx_word' id='word_1_1023' title='bbox 2310 1448 2380 1474; x_wconf 87' lang='lat' dir='ltr'>Fra-</span> 
     </span>
     <span class='ocr_line' id='line_1_128' title="bbox 1325 1477 2381 1522; baseline 0.009 -17"><span class='ocrx_word' id='word_1_1024' title='bbox 1325 1483 1398 1505; x_wconf 86' lang='lat' dir='ltr'>trum</span> <span class='ocrx_word' id='word_1_1025' title='bbox 1414 1481 1614 1506; x_wconf 82' lang='lat' dir='ltr'>Heremitarum</span> <span class='ocrx_word' id='word_1_1026' title='bbox 1630 1479 1742 1516; x_wconf 79' lang='lat' dir='ltr'>ejusdem</span> <span class='ocrx_word' id='word_1_1027' title='bbox 1757 1478 1870 1507; x_wconf 67' lang='lat' dir='ltr'>Ordinis</span> <span class='ocrx_word' id='word_1_1028' title='bbox 1890 1477 1965 1517; x_wconf 84' lang='lat' dir='ltr'>infra</span> <span class='ocrx_word' id='word_1_1029' title='bbox 1989 1483 2105 1517; x_wconf 71' lang='lat' dir='ltr'>Regnum</span> <span class='ocrx_word' id='word_1_1030' title='bbox 2121 1481 2250 1520; x_wconf 79' lang='lat' dir='ltr'>Angliae,</span> <span class='ocrx_word' id='word_1_1031' title='bbox 2270 1483 2307 1518; x_wconf 62' lang='grc' dir='ltr'>ὠ»</span> <span class='ocrx_word' id='word_1_1032' title='bbox 2327 1483 2381 1522; x_wconf 90' lang='lat' dir='ltr'>Jo-</span> 
     </span>
     <span class='ocr_line' id='line_1_129' title="bbox 1326 1515 2382 1555; baseline 0.008 -11"><span class='ocrx_word' id='word_1_1033' title='bbox 1326 1515 1418 1545; x_wconf 77' lang='lat' dir='ltr'>hanne</span> <span class='ocrx_word' id='word_1_1034' title='bbox 1432 1515 1537 1555; x_wconf 85' lang='lat' dir='ltr'>Hylsey</span> <span class='ocrx_word' id='word_1_1035' title='bbox 1554 1517 1651 1546; x_wconf 88' lang='lat' dir='ltr'>Priore</span> <span class='ocrx_word' id='word_1_1036' title='bbox 1668 1516 1839 1546; x_wconf 83' lang='lat' dir='ltr'>Provinciali</span> <span class='ocrx_word' id='word_1_1037' title='bbox 1863 1519 1947 1547; x_wconf 85' lang='lat' dir='ltr'>totius</span> <span class='ocrx_word' id='word_1_1038' title='bbox 1967 1517 2082 1548; x_wconf 87' lang='lat' dir='ltr'>Odinis</span> <span class='ocrx_word' id='word_1_1039' title='bbox 2103 1519 2226 1550; x_wconf 88' lang='lat' dir='ltr'>Fratrum</span> <span class='ocrx_word' id='word_1_1040' title='bbox 2243 1522 2382 1552; x_wconf 75' lang='lat' dir='ltr'>Praedica-</span> 
     </span>
     <span class='ocr_line' id='line_1_130' title="bbox 1325 1554 2381 1598; baseline 0.007 -15"><span class='ocrx_word' id='word_1_1041' title='bbox 1325 1562 1420 1583; x_wconf 82' lang='lat' dir='ltr'>torum</span> <span class='ocrx_word' id='word_1_1042' title='bbox 1430 1576 1439 1591; x_wconf 89' lang='lat'>,</span> <span class='ocrx_word' id='word_1_1043' title='bbox 1457 1557 1563 1583; x_wconf 86' lang='lat' dir='ltr'>virtute</span> <span class='ocrx_word' id='word_1_1044' title='bbox 1578 1554 1752 1594; x_wconf 65' lang='lat' dir='ltr'>commistionis</span> <span class='ocrx_word' id='word_1_1045' title='bbox 1766 1555 1831 1584; x_wconf 68' lang='lat' dir='ltr'>dicti</span> <span class='ocrx_word' id='word_1_1046' title='bbox 1844 1557 1954 1584; x_wconf 80' lang='lat' dir='ltr'>Domini</span> <span class='ocrx_word' id='word_1_1047' title='bbox 1967 1559 2044 1593; x_wconf 78' lang='lat' dir='ltr'>Regis</span> <span class='ocrx_word' id='word_1_1048' title='bbox 2061 1560 2100 1586; x_wconf 79' lang='lat' dir='ltr'>eis</span> <span class='ocrx_word' id='word_1_1049' title='bbox 2115 1559 2238 1594; x_wconf 67' lang='lat' dir='ltr'>direttae,</span> <span class='ocrx_word' id='word_1_1050' title='bbox 2252 1560 2381 1598; x_wconf 75' lang='lat' dir='ltr'>persona-</span> 
     </span>
     <span class='ocr_line' id='line_1_131' title="bbox 1323 1590 2382 1635; baseline 0.008 -15"><span class='ocrx_word' id='word_1_1051' title='bbox 1323 1590 1386 1620; x_wconf 81' lang='lat' dir='ltr'>liter</span> <span class='ocrx_word' id='word_1_1052' title='bbox 1406 1595 1435 1621; x_wconf 88' lang='lat' dir='ltr'>in</span> <span class='ocrx_word' id='word_1_1053' title='bbox 1457 1593 1587 1622; x_wconf 87' lang='lat' dir='ltr'>Domibus</span> <span class='ocrx_word' id='word_1_1054' title='bbox 1599 1591 1656 1632; x_wconf 76' lang='lat' dir='ltr'>suis</span> <span class='ocrx_word' id='word_1_1055' title='bbox 1667 1594 1818 1631; x_wconf 85' lang='lat' dir='ltr'>separatim</span> <span class='ocrx_word' id='word_1_1056' title='bbox 1838 1593 2028 1631; x_wconf 79' lang='lat' dir='ltr'>capitularibus</span> <span class='ocrx_word' id='word_1_1057' title='bbox 2047 1595 2198 1635; x_wconf 83' lang='lat' dir='ltr'>constituti,</span> <span class='ocrx_word' id='word_1_1058' title='bbox 2216 1600 2382 1635; x_wconf 74' lang='lat' dir='ltr'>Recognove-</span> 
     </span>
     <span class='ocr_line' id='line_1_132' title="bbox 1317 1630 2381 1705; baseline 0.008 -47"><span class='ocrx_word' id='word_1_1059' title='bbox 1317 1636 1385 1705; x_wconf 51' lang='lat' dir='ltr'>‘runt</span> <span class='ocrx_word' id='word_1_1060' title='bbox 1400 1633 1530 1697; x_wconf 42' lang='lat' dir='ltr'>Scripzug</span> <span class='ocrx_word' id='word_1_1061' title='bbox 1540 1631 1698 1668; x_wconf 58' lang='lat' dir='ltr'>pradictum</span> <span class='ocrx_word' id='word_1_1062' title='bbox 1716 1643 1747 1661; x_wconf 81' lang='lat' dir='ltr'>ac</span> <span class='ocrx_word' id='word_1_1063' title='bbox 1768 1635 1857 1661; x_wconf 83' lang='lat' dir='ltr'>omnia</span> <span class='ocrx_word' id='word_1_1064' title='bbox 1871 1630 1909 1667; x_wconf 60' lang='grc' dir='ltr'><strong><em>ὠ</em></strong></span> <span class='ocrx_word' id='word_1_1065' title='bbox 1921 1632 2030 1672; x_wconf 81' lang='lat' dir='ltr'>fingula</span> <span class='ocrx_word' id='word_1_1066' title='bbox 2050 1637 2079 1664; x_wconf 87' lang='lat' dir='ltr'>in</span> <span class='ocrx_word' id='word_1_1067' title='bbox 2099 1635 2186 1665; x_wconf 83' lang='lat' dir='ltr'>eodem</span> <span class='ocrx_word' id='word_1_1068' title='bbox 2208 1644 2332 1667; x_wconf 84' lang='lat' dir='ltr'>contenta</span> <span class='ocrx_word' id='word_1_1069' title='bbox 2350 1641 2381 1667; x_wconf 79' lang='lat' dir='ltr'>in</span> 
     </span>
     <span class='ocr_line' id='line_1_133' title="bbox 1334 1672 1556 1705; baseline 0.009 -9"><span class='ocrx_word' id='word_1_1070' title='bbox 1334 1678 1406 1696; x_wconf 86' lang='lat' dir='ltr'>orma</span> <span class='ocrx_word' id='word_1_1071' title='bbox 1412 1675 1471 1705; x_wconf 83' lang='lat' dir='ltr'>prae</span> <span class='ocrx_word' id='word_1_1072' title='bbox 1492 1672 1500 1697; x_wconf 88' lang='lat' dir='ltr'>i</span> <span class='ocrx_word' id='word_1_1073' title='bbox 1530 1680 1556 1698; x_wconf 90' lang='lat' dir='ltr'>a.</span> 
     </span>
    </p>
   </div>
   <div class='ocr_carea' id='block_1_18' title="bbox 1321 1761 2377 1773">
    <p class='ocr_par' dir='ltr' id='par_1_31' title="bbox 1321 1761 2377 1773">
     <span class='ocr_line' id='line_1_134' title="bbox 1321 1761 2377 1773; baseline 0 2501"><span class='ocrx_word' id='word_1_1074' title='bbox 1321 1761 2377 1773; x_wconf 95' lang='lat' dir='ltr'> </span> 
     </span>
    </p>
   </div>
   <div class='ocr_carea' id='block_1_19' title="bbox 1672 1822 1994 1868">
    <p class='ocr_par' dir='ltr' id='par_1_32' title="bbox 1672 1822 1994 1868">
     <span class='ocr_line' id='line_1_135' title="bbox 1672 1822 1994 1868; baseline 0.006 -15"><span class='ocrx_word' id='word_1_1075' title='bbox 1672 1822 1729 1853; x_wconf 86' lang='lat' dir='ltr'>Pro</span> <span class='ocrx_word' id='word_1_1076' title='bbox 1753 1822 1882 1853; x_wconf 85' lang='lat' dir='ltr'>Domino</span> <span class='ocrx_word' id='word_1_1077' title='bbox 1908 1824 1994 1868; x_wconf 81' lang='lat' dir='ltr'>Rege.</span> 
     </span>
    </p>
   </div>
   <div class='ocr_carea' id='block_1_20' title="bbox 1306 1914 2533 4100">
    <p class='ocr_par' dir='ltr' id='par_1_33' title="bbox 1321 1914 2533 2262">
     <span class='ocr_line' id='line_1_136' title="bbox 1378 1914 2533 1958; baseline 0.006 -12"><span class='ocrx_word' id='word_1_1078' title='bbox 1378 1914 1489 1946; x_wconf 89' lang='lat' dir='ltr'>UUM</span> <span class='ocrx_word' id='word_1_1079' title='bbox 1509 1926 1539 1946; x_wconf 83' lang='lat' dir='ltr'>ea</span> <span class='ocrx_word' id='word_1_1080' title='bbox 1555 1917 1586 1947; x_wconf 82' lang='lat' dir='ltr'>fit</span> <span class='ocrx_word' id='word_1_1081' title='bbox 1601 1926 1660 1947; x_wconf 89' lang='lat' dir='ltr'>non</span> <span class='ocrx_word' id='word_1_1082' title='bbox 1674 1915 1764 1947; x_wconf 88' lang='lat' dir='ltr'>solum</span> <span class='ocrx_word' id='word_1_1083' title='bbox 1781 1915 1948 1948; x_wconf 68' lang='lat' dir='ltr'>Christianae</span> <span class='ocrx_word' id='word_1_1084' title='bbox 1966 1917 2128 1956; x_wconf 82' lang='lat' dir='ltr'>Religionis</span> <span class='ocrx_word' id='word_1_1085' title='bbox 2144 1921 2176 1950; x_wconf 89' lang='lat'>&amp;</span> <span class='ocrx_word' id='word_1_1086' title='bbox 2193 1920 2306 1952; x_wconf 87' lang='lat' dir='ltr'>Pietatis</span> <span class='ocrx_word' id='word_1_1087' title='bbox 2320 1922 2379 1954; x_wconf 83' lang='lat' dir='ltr'>Ra·</span> <span class='ocrx_word' id='word_1_1088' title='bbox 2397 1922 2472 1953; x_wconf 84' lang='lat' dir='ltr'>Ann.</span> <span class='ocrx_word' id='word_1_1089' title='bbox 2490 1923 2533 1958; x_wconf 82' lang='lat' dir='ltr'>D.-</span> 
     </span>
     <span class='ocr_line' id='line_1_137' title="bbox 1394 1954 2511 2003; baseline 0.01 -20"><span class='ocrx_word' id='word_1_1090' title='bbox 1394 1956 1435 1984; x_wconf 89' lang='lat' dir='ltr'>tio</span> <span class='ocrx_word' id='word_1_1091' title='bbox 1454 1954 1498 1984; x_wconf 88' lang='lat' dir='ltr'>sed</span> <span class='ocrx_word' id='word_1_1092' title='bbox 1512 1955 1615 1985; x_wconf 84' lang='lat' dir='ltr'>nostrae</span> <span class='ocrx_word' id='word_1_1093' title='bbox 1632 1957 1717 1986; x_wconf 88' lang='lat' dir='ltr'>etiam</span> <span class='ocrx_word' id='word_1_1094' title='bbox 1733 1955 1915 1986; x_wconf 75' lang='lat' dir='ltr'>Obedientiae</span> <span class='ocrx_word' id='word_1_1095' title='bbox 1932 1957 2059 1994; x_wconf 80' lang='lat' dir='ltr'>Regula,</span> <span class='ocrx_word' id='word_1_1096' title='bbox 2078 1967 2108 1987; x_wconf 78' lang='lat' dir='ltr'>ut</span> <span class='ocrx_word' id='word_1_1097' title='bbox 2124 1957 2259 1989; x_wconf 87' lang='lat' dir='ltr'>Domino</span> <span class='ocrx_word' id='word_1_1098' title='bbox 2281 1962 2381 1992; x_wconf 86' lang='lat' dir='ltr'>nostro</span> <span class='ocrx_word' id='word_1_1099' title='bbox 2424 1973 2511 2003; x_wconf 73' lang='lat'><em>1534.</em></span> 
     </span>
     <span class='ocr_line' id='line_1_138' title="bbox 1321 1991 2513 2037; baseline 0.008 -17"><span class='ocrx_word' id='word_1_1100' title='bbox 1321 1991 1437 2021; x_wconf 84' lang='lat' dir='ltr'>Henrico</span> <span class='ocrx_word' id='word_1_1101' title='bbox 1455 1994 1510 2029; x_wconf 86' lang='lat' dir='ltr'>ejus</span> <span class='ocrx_word' id='word_1_1102' title='bbox 1527 1992 1661 2025; x_wconf 87' lang='lat' dir='ltr'>Nomine</span> <span class='ocrx_word' id='word_1_1103' title='bbox 1679 1995 1807 2031; x_wconf 65' lang='lat' dir='ltr'>octavo,</span> <span class='ocrx_word' id='word_1_1104' title='bbox 1828 1995 1874 2024; x_wconf 87' lang='lat' dir='ltr'>cui</span> <span class='ocrx_word' id='word_1_1105' title='bbox 1892 1995 1938 2023; x_wconf 85' lang='lat' dir='ltr'>soli</span> <span class='ocrx_word' id='word_1_1106' title='bbox 1960 1995 2023 2031; x_wconf 86' lang='lat' dir='ltr'>post</span> <span class='ocrx_word' id='word_1_1107' title='bbox 2041 1995 2184 2026; x_wconf 79' lang='lat' dir='ltr'>Christum</span> <span class='ocrx_word' id='word_1_1108' title='bbox 2196 1997 2291 2034; x_wconf 86' lang='lat' dir='ltr'>Jesum</span> <span class='ocrx_word' id='word_1_1109' title='bbox 2315 2000 2378 2031; x_wconf 88' lang='lat' dir='ltr'>Ser·</span> <span class='ocrx_word' id='word_1_1110' title='bbox 2398 2009 2446 2031; x_wconf 71' lang='lat' dir='ltr'>An.</span> <span class='ocrx_word' id='word_1_1111' title='bbox 2469 1996 2513 2037; x_wconf 58' lang='lat'>253</span> 
     </span>
     <span class='ocr_line' id='line_1_139' title="bbox 1324 2030 2475 2069; baseline 0.008 -10"><span class='ocrx_word' id='word_1_1112' title='bbox 1324 2038 1453 2060; x_wconf 86' lang='lat' dir='ltr'>vatorem</span> <span class='ocrx_word' id='word_1_1113' title='bbox 1472 2030 1601 2061; x_wconf 87' lang='lat' dir='ltr'>nostrum</span> <span class='ocrx_word' id='word_1_1114' title='bbox 1615 2032 1751 2061; x_wconf 89' lang='lat' dir='ltr'>debemus</span> <span class='ocrx_word' id='word_1_1115' title='bbox 1766 2032 1921 2069; x_wconf 78' lang='lat' dir='ltr'>Universa,</span> <span class='ocrx_word' id='word_1_1116' title='bbox 1940 2043 1999 2062; x_wconf 89' lang='lat' dir='ltr'>non</span> <span class='ocrx_word' id='word_1_1117' title='bbox 2017 2034 2109 2063; x_wconf 80' lang='lat' dir='ltr'>modo</span> <span class='ocrx_word' id='word_1_1118' title='bbox 2130 2037 2329 2068; x_wconf 84' lang='lat' dir='ltr'>omnimodam</span> <span class='ocrx_word' id='word_1_1119' title='bbox 2351 2041 2379 2069; x_wconf 91' lang='lat' dir='ltr'>in</span> <span class='ocrx_word' id='word_1_1120' title='bbox 2399 2046 2431 2068; x_wconf 86' lang='lat' dir='ltr'>H.</span> <span class='ocrx_word' id='word_1_1121' title='bbox 2448 2041 2475 2068; x_wconf 84' lang='lat'>8.</span> 
     </span>
     <span class='ocr_line' id='line_1_140' title="bbox 1323 2066 2481 2109; baseline 0.008 -13"><span class='ocrx_word' id='word_1_1122' title='bbox 1323 2066 1441 2098; x_wconf 83' lang='lat' dir='ltr'>Christo</span> <span class='ocrx_word' id='word_1_1123' title='bbox 1457 2070 1488 2099; x_wconf 82' lang='lat'>&amp;</span> <span class='ocrx_word' id='word_1_1124' title='bbox 1505 2070 1624 2099; x_wconf 87' lang='lat' dir='ltr'>eandem</span> <span class='ocrx_word' id='word_1_1125' title='bbox 1639 2070 1777 2100; x_wconf 80' lang='lat' dir='ltr'>sinceram</span> <span class='ocrx_word' id='word_1_1126' title='bbox 1793 2071 1932 2108; x_wconf 80' lang='lat' dir='ltr'>integram</span> <span class='ocrx_word' id='word_1_1127' title='bbox 1942 2081 2163 2109; x_wconf 68' lang='lat' dir='ltr'>perpetuamque</span> <span class='ocrx_word' id='word_1_1128' title='bbox 2176 2078 2275 2105; x_wconf 69' lang='lat' dir='ltr'>Animi</span> <span class='ocrx_word' id='word_1_1129' title='bbox 2287 2079 2383 2107; x_wconf 84' lang='lat' dir='ltr'>Devo-</span> <span class='ocrx_word' id='word_1_1130' title='bbox 2417 2080 2481 2107; x_wconf 78' lang='lat' dir='ltr'>Ibid.</span> 
     </span>
     <span class='ocr_line' id='line_1_141' title="bbox 1323 2108 2382 2148; baseline 0.009 -13"><span class='ocrx_word' id='word_1_1131' title='bbox 1323 2109 1438 2143; x_wconf 78' lang='lat' dir='ltr'>tionem,</span> <span class='ocrx_word' id='word_1_1132' title='bbox 1465 2108 1571 2144; x_wconf 84' lang='lat' dir='ltr'>Fidem,</span> <span class='ocrx_word' id='word_1_1133' title='bbox 1596 2108 1827 2147; x_wconf 70' lang='lat' dir='ltr'>Observantiam,</span> <span class='ocrx_word' id='word_1_1134' title='bbox 1854 2111 1988 2138; x_wconf 86' lang='lat' dir='ltr'>Honorem</span> <span class='ocrx_word' id='word_1_1135' title='bbox 2008 2132 2016 2146; x_wconf 86' lang='lat'>,</span> <span class='ocrx_word' id='word_1_1136' title='bbox 2041 2110 2163 2148; x_wconf 83' lang='lat' dir='ltr'>Cultum,</span> <span class='ocrx_word' id='word_1_1137' title='bbox 2187 2115 2382 2145; x_wconf 81' lang='lat' dir='ltr'>Reverentiam</span> 
     </span>
     <span class='ocr_line' id='line_1_142' title="bbox 1323 2145 2381 2184; baseline 0.009 -10"><span class='ocrx_word' id='word_1_1138' title='bbox 1323 2146 1503 2182; x_wconf 76' lang='lat' dir='ltr'>praestemus,</span> <span class='ocrx_word' id='word_1_1139' title='bbox 1519 2145 1564 2175; x_wconf 91' lang='lat' dir='ltr'>sed</span> <span class='ocrx_word' id='word_1_1140' title='bbox 1585 2149 1667 2176; x_wconf 73' lang='lat' dir='ltr'>etiam</span> <span class='ocrx_word' id='word_1_1141' title='bbox 1685 2147 1718 2176; x_wconf 92' lang='lat' dir='ltr'>de</span> <span class='ocrx_word' id='word_1_1142' title='bbox 1736 2146 1834 2176; x_wconf 88' lang='lat' dir='ltr'>eadem</span> <span class='ocrx_word' id='word_1_1143' title='bbox 1857 2147 1924 2176; x_wconf 88' lang='lat' dir='ltr'>Fide</span> <span class='ocrx_word' id='word_1_1144' title='bbox 1947 2149 1979 2178; x_wconf 67' lang='grc' dir='ltr'>ὃ(</span> <span class='ocrx_word' id='word_1_1145' title='bbox 1998 2148 2185 2179; x_wconf 81' lang='lat' dir='ltr'>Observantia</span> <span class='ocrx_word' id='word_1_1146' title='bbox 2207 2153 2300 2183; x_wconf 87' lang='lat' dir='ltr'>nostra</span> <span class='ocrx_word' id='word_1_1147' title='bbox 2320 2153 2381 2184; x_wconf 84' lang='lat' dir='ltr'>Ra-</span> 
     </span>
     <span class='ocr_line' id='line_1_143' title="bbox 1325 2184 2382 2225; baseline 0.01 -13"><span class='ocrx_word' id='word_1_1148' title='bbox 1325 2185 1432 2213; x_wconf 88' lang='lat' dir='ltr'>tionem</span> <span class='ocrx_word' id='word_1_1149' title='bbox 1452 2184 1708 2223; x_wconf 84' lang='lat' dir='ltr'>quotitnscumque</span> <span class='ocrx_word' id='word_1_1150' title='bbox 1723 2184 1905 2221; x_wconf 86' lang='lat' dir='ltr'>postulabitur</span> <span class='ocrx_word' id='word_1_1151' title='bbox 1922 2186 2068 2217; x_wconf 87' lang='lat' dir='ltr'>reddamus</span> <span class='ocrx_word' id='word_1_1152' title='bbox 2084 2188 2115 2218; x_wconf 87' lang='lat'>&amp;</span> <span class='ocrx_word' id='word_1_1153' title='bbox 2135 2189 2225 2225; x_wconf 69' lang='lat' dir='ltr'>palam</span> <span class='ocrx_word' id='word_1_1154' title='bbox 2245 2193 2382 2224; x_wconf 82' lang='lat' dir='ltr'>omnibus</span> 
     </span>
     <span class='ocr_line' id='line_1_144' title="bbox 1322 2221 1869 2262; baseline 0.007 -12"><span class='ocrx_word' id='word_1_1155' title='bbox 1322 2221 1340 2251; x_wconf 87' lang='lat' dir='ltr'>fi</span> <span class='ocrx_word' id='word_1_1156' title='bbox 1356 2231 1395 2251; x_wconf 80' lang='lat' dir='ltr'>res</span> <span class='ocrx_word' id='word_1_1157' title='bbox 1412 2223 1509 2259; x_wconf 85' lang='lat' dir='ltr'>poscat</span> <span class='ocrx_word' id='word_1_1158' title='bbox 1523 2223 1703 2254; x_wconf 70' lang='lat' dir='ltr'>libentissime</span> <span class='ocrx_word' id='word_1_1159' title='bbox 1717 2222 1869 2262; x_wconf 85' lang='lat' dir='ltr'>testemur,</span> 
     </span>
    </p>

    <p class='ocr_par' dir='ltr' id='par_1_34' title="bbox 1309 2260 2511 3254">
     <span class='ocr_line' id='line_1_145' title="bbox 1358 2260 2380 2308; baseline 0.009 -18"><span class='ocrx_word' id='word_1_1160' title='bbox 1358 2260 1505 2291; x_wconf 88' lang='lat' dir='ltr'>Noverint</span> <span class='ocrx_word' id='word_1_1161' title='bbox 1528 2263 1645 2291; x_wconf 78' lang='lat' dir='ltr'>univerli</span> <span class='ocrx_word' id='word_1_1162' title='bbox 1669 2262 1703 2291; x_wconf 91' lang='lat' dir='ltr'>ad</span> <span class='ocrx_word' id='word_1_1163' title='bbox 1725 2272 1795 2297; x_wconf 70' lang='lat' dir='ltr'>quos</span> <span class='ocrx_word' id='word_1_1164' title='bbox 1815 2262 1929 2300; x_wconf 80' lang='lat' dir='ltr'>praesens</span> <span class='ocrx_word' id='word_1_1165' title='bbox 1953 2262 2100 2303; x_wconf 82' lang='lat' dir='ltr'>Scriptum</span> <span class='ocrx_word' id='word_1_1166' title='bbox 2123 2269 2282 2302; x_wconf 74' lang='lat' dir='ltr'>pervenerit</span> <span class='ocrx_word' id='word_1_1167' title='bbox 2299 2270 2380 2308; x_wconf 78' lang='lat' dir='ltr'>quod</span> 
     </span>
     <span class='ocr_line' id='line_1_146' title="bbox 1322 2297 2511 2344; baseline 0.009 -16"><span class='ocrx_word' id='word_1_1168' title='bbox 1322 2298 1406 2336; x_wconf 69' lang='lat' dir='ltr'>Nos,</span> <span class='ocrx_word' id='word_1_1169' title='bbox 1427 2297 1555 2337; x_wconf 80' lang='lat' dir='ltr'>Prioriffa</span> <span class='ocrx_word' id='word_1_1170' title='bbox 1576 2298 1614 2334; x_wconf 63' lang='grc' dir='ltr'>(ἐν</span> <span class='ocrx_word' id='word_1_1171' title='bbox 1639 2303 1791 2329; x_wconf 71' lang='lat' dir='ltr'>Conventus</span> <span class='ocrx_word' id='word_1_1172' title='bbox 1810 2302 1842 2330; x_wconf 87' lang='lat' dir='ltr'>de</span> <span class='ocrx_word' id='word_1_1173' title='bbox 1867 2299 2005 2340; x_wconf 87' lang='lat' dir='ltr'>Dertford</span> <span class='ocrx_word' id='word_1_1174' title='bbox 2019 2306 2048 2332; x_wconf 85' lang='lat' dir='ltr'>in</span> <span class='ocrx_word' id='word_1_1175' title='bbox 2069 2307 2205 2334; x_wconf 79' lang='lat' dir='ltr'>comitatu</span> <span class='ocrx_word' id='word_1_1176' title='bbox 2230 2310 2242 2321; x_wconf 70' lang='lat'><em>*</em></span> <span class='ocrx_word' id='word_1_1177' title='bbox 2267 2310 2380 2338; x_wconf 86' lang='lat' dir='ltr'>Kantiae</span> <span class='ocrx_word' id='word_1_1178' title='bbox 2398 2313 2413 2329; x_wconf 69' lang='lat'>&#39;4</span> <span class='ocrx_word' id='word_1_1179' title='bbox 2429 2314 2511 2344; x_wconf 79' lang='lat' dir='ltr'>XIV,</span> 
     </span>
     <span class='ocr_line' id='line_1_147' title="bbox 1323 2337 2464 2388; baseline 0.011 -22"><span class='ocrx_word' id='word_1_1180' title='bbox 1323 2337 1433 2367; x_wconf 77' lang='lat' dir='ltr'>Ordinis</span> <span class='ocrx_word' id='word_1_1181' title='bbox 1448 2340 1541 2367; x_wconf 68' lang='lat' dir='ltr'>Sancii</span> <span class='ocrx_word' id='word_1_1182' title='bbox 1554 2341 1687 2368; x_wconf 77' lang='lat' dir='ltr'>Dominici</span> <span class='ocrx_word' id='word_1_1183' title='bbox 1701 2337 1829 2378; x_wconf 81' lang='lat' dir='ltr'>Roffenfis</span> <span class='ocrx_word' id='word_1_1184' title='bbox 1844 2339 1980 2379; x_wconf 80' lang='lat' dir='ltr'>Dioecefis,</span> <span class='ocrx_word' id='word_1_1185' title='bbox 2000 2351 2058 2370; x_wconf 89' lang='lat' dir='ltr'>uno</span> <span class='ocrx_word' id='word_1_1186' title='bbox 2072 2341 2133 2373; x_wconf 85' lang='lat' dir='ltr'>Ore</span> <span class='ocrx_word' id='word_1_1187' title='bbox 2149 2344 2180 2373; x_wconf 89' lang='lat'>&amp;</span> <span class='ocrx_word' id='word_1_1188' title='bbox 2194 2344 2276 2376; x_wconf 87' lang='lat' dir='ltr'>Voce</span> <span class='ocrx_word' id='word_1_1189' title='bbox 2296 2357 2380 2385; x_wconf 88' lang='lat' dir='ltr'>atque</span> <span class='ocrx_word' id='word_1_1190' title='bbox 2397 2361 2464 2388; x_wconf 88' lang='lat'>49¹·</span> 
     </span>
     <span class='ocr_line' id='line_1_148' title="bbox 1324 2377 2383 2425; baseline 0.005 -20"><span class='ocrx_word' id='word_1_1191' title='bbox 1324 2377 1451 2406; x_wconf 79' lang='lat' dir='ltr'>unanimi</span> <span class='ocrx_word' id='word_1_1192' title='bbox 1465 2379 1598 2406; x_wconf 88' lang='lat' dir='ltr'>omnium</span> <span class='ocrx_word' id='word_1_1193' title='bbox 1614 2378 1646 2407; x_wconf 72' lang='grc' dir='ltr'>ὃ(</span> <span class='ocrx_word' id='word_1_1194' title='bbox 1664 2377 1836 2407; x_wconf 72' lang='lat' dir='ltr'>sinvulotum</span> <span class='ocrx_word' id='word_1_1195' title='bbox 1854 2377 1997 2408; x_wconf 80' lang='lat' dir='ltr'>Consensu</span> <span class='ocrx_word' id='word_1_1196' title='bbox 2017 2380 2049 2411; x_wconf 66' lang='grc' dir='ltr'>ἃ</span> <span class='ocrx_word' id='word_1_1197' title='bbox 2064 2380 2198 2420; x_wconf 78' lang='lat' dir='ltr'>Assensu,</span> <span class='ocrx_word' id='word_1_1198' title='bbox 2216 2383 2273 2414; x_wconf 80' lang='lat' dir='ltr'>hoc</span> <span class='ocrx_word' id='word_1_1199' title='bbox 2287 2386 2383 2425; x_wconf 73' lang='lat' dir='ltr'>scrip-</span> 
     </span>
     <span class='ocr_line' id='line_1_149' title="bbox 1324 2400 2382 2460; baseline 0.01 -17"><span class='ocrx_word' id='word_1_1200' title='bbox 1324 2422 1355 2444; x_wconf 88' lang='lat' dir='ltr'>to</span> <span class='ocrx_word' id='word_1_1201' title='bbox 1372 2414 1470 2444; x_wconf 88' lang='lat' dir='ltr'>nostro</span> <span class='ocrx_word' id='word_1_1202' title='bbox 1487 2414 1537 2445; x_wconf 88' lang='lat' dir='ltr'>sub</span> <span class='ocrx_word' id='word_1_1203' title='bbox 1553 2415 1651 2452; x_wconf 85' lang='lat' dir='ltr'>Sigillo</span> <span class='ocrx_word' id='word_1_1204' title='bbox 1667 2400 1767 2445; x_wconf 47' lang='lat' dir='ltr'>moiri-0</span> <span class='ocrx_word' id='word_1_1205' title='bbox 1783 2420 1935 2447; x_wconf 88' lang='lat' dir='ltr'>communi</span> <span class='ocrx_word' id='word_1_1206' title='bbox 1951 2418 1978 2446; x_wconf 90' lang='lat' dir='ltr'>in</span> <span class='ocrx_word' id='word_1_1207' title='bbox 1998 2416 2101 2447; x_wconf 91' lang='lat' dir='ltr'>Domo</span> <span class='ocrx_word' id='word_1_1208' title='bbox 2117 2420 2210 2450; x_wconf 83' lang='lat' dir='ltr'>nostra</span> <span class='ocrx_word' id='word_1_1209' title='bbox 2228 2421 2382 2460; x_wconf 84' lang='lat' dir='ltr'>Capitulari</span> 
     </span>
     <span class='ocr_line' id='line_1_150' title="bbox 1326 2452 2383 2501; baseline 0.009 -19"><span class='ocrx_word' id='word_1_1210' title='bbox 1326 2452 1423 2491; x_wconf 79' lang='lat' dir='ltr'>Dato,</span> <span class='ocrx_word' id='word_1_1211' title='bbox 1442 2463 1492 2490; x_wconf 88' lang='lat' dir='ltr'>pro</span> <span class='ocrx_word' id='word_1_1212' title='bbox 1517 2453 1616 2483; x_wconf 82' lang='lat' dir='ltr'>Nobis</span> <span class='ocrx_word' id='word_1_1213' title='bbox 1637 2455 1669 2485; x_wconf 70' lang='grc' dir='ltr'>ὃ(</span> <span class='ocrx_word' id='word_1_1214' title='bbox 1693 2454 1910 2484; x_wconf 75' lang='lat' dir='ltr'>Success&#39;oribus</span> <span class='ocrx_word' id='word_1_1215' title='bbox 1937 2454 2037 2485; x_wconf 79' lang='lat' dir='ltr'>nostris</span> <span class='ocrx_word' id='word_1_1216' title='bbox 2057 2459 2190 2488; x_wconf 88' lang='lat' dir='ltr'>omnibus</span> <span class='ocrx_word' id='word_1_1217' title='bbox 2213 2460 2245 2490; x_wconf 89' lang='lat'>&amp;</span> <span class='ocrx_word' id='word_1_1218' title='bbox 2269 2462 2383 2501; x_wconf 82' lang='lat' dir='ltr'>fingulis</span> 
     </span>
     <span class='ocr_line' id='line_1_151' title="bbox 1322 2490 2379 2539; baseline 0.008 -21"><span class='ocrx_word' id='word_1_1219' title='bbox 1322 2491 1532 2530; x_wconf 75' lang='lat' dir='ltr'>imperpetuum</span> <span class='ocrx_word' id='word_1_1220' title='bbox 1550 2491 1710 2531; x_wconf 80' lang='lat' dir='ltr'>Profitemur</span> <span class='ocrx_word' id='word_1_1221' title='bbox 1725 2490 1861 2531; x_wconf 85' lang='lat' dir='ltr'>Testamur</span> <span class='ocrx_word' id='word_1_1222' title='bbox 1879 2502 1908 2521; x_wconf 86' lang='lat' dir='ltr'>ac</span> <span class='ocrx_word' id='word_1_1223' title='bbox 1925 2492 2038 2524; x_wconf 87' lang='lat' dir='ltr'>fideliter</span> <span class='ocrx_word' id='word_1_1224' title='bbox 2054 2498 2237 2527; x_wconf 81' lang='lat' dir='ltr'>Promittimus</span> <span class='ocrx_word' id='word_1_1225' title='bbox 2251 2499 2282 2530; x_wconf 62' lang='grc' dir='ltr'>ὃς</span> <span class='ocrx_word' id='word_1_1226' title='bbox 2299 2504 2379 2539; x_wconf 69' lang='lat' dir='ltr'>Spon-</span> 
     </span>
     <span class='ocr_line' id='line_1_152' title="bbox 1319 2529 2380 2572; baseline 0.012 -15"><span class='ocrx_word' id='word_1_1227' title='bbox 1319 2529 1424 2566; x_wconf 79' lang='lat' dir='ltr'>demus,</span> <span class='ocrx_word' id='word_1_1228' title='bbox 1444 2529 1513 2559; x_wconf 88' lang='lat' dir='ltr'>Nos</span> <span class='ocrx_word' id='word_1_1229' title='bbox 1529 2530 1622 2559; x_wconf 57' lang='lat' dir='ltr'>dictos</span> <span class='ocrx_word' id='word_1_1230' title='bbox 1637 2529 1789 2568; x_wconf 74' lang='lat' dir='ltr'>Prioriſjam</span> <span class='ocrx_word' id='word_1_1231' title='bbox 1803 2529 1841 2565; x_wconf 65' lang='grc' dir='ltr'>ὠ·</span> <span class='ocrx_word' id='word_1_1232' title='bbox 1855 2536 2024 2561; x_wconf 71' lang='lat' dir='ltr'>conventum</span> <span class='ocrx_word' id='word_1_1233' title='bbox 2039 2534 2260 2567; x_wconf 69' lang='lat' dir='ltr'>&amp;Success‘ores</span> <span class='ocrx_word' id='word_1_1234' title='bbox 2268 2541 2380 2572; x_wconf 88' lang='lat' dir='ltr'>nostros</span> 
     </span>
     <span class='ocr_line' id='line_1_153' title="bbox 1321 2568 2380 2614; baseline 0.008 -17"><span class='ocrx_word' id='word_1_1235' title='bbox 1321 2577 1421 2598; x_wconf 78' lang='lat' dir='ltr'>omncs</span> <span class='ocrx_word' id='word_1_1236' title='bbox 1441 2570 1474 2599; x_wconf 66' lang='grc' dir='ltr'>ἅ</span> <span class='ocrx_word' id='word_1_1237' title='bbox 1492 2568 1627 2606; x_wconf 82' lang='lat' dir='ltr'>singulos,</span> <span class='ocrx_word' id='word_1_1238' title='bbox 1647 2569 1801 2606; x_wconf 58' lang='lat' dir='ltr'>integram,</span> <span class='ocrx_word' id='word_1_1239' title='bbox 1821 2570 2004 2609; x_wconf 87' lang='lat' dir='ltr'>inviolatam,</span> <span class='ocrx_word' id='word_1_1240' title='bbox 2025 2571 2177 2610; x_wconf 84' lang='lat' dir='ltr'>sinceram,</span> <span class='ocrx_word' id='word_1_1241' title='bbox 2203 2584 2380 2614; x_wconf 79' lang='lat' dir='ltr'>perpetuam-</span> 
     </span>
     <span class='ocr_line' id='line_1_154' title="bbox 1318 2606 2379 2654; baseline 0.011 -19"><span class='ocrx_word' id='word_1_1242' title='bbox 1318 2617 1374 2643; x_wconf 86' lang='lat' dir='ltr'>que</span> <span class='ocrx_word' id='word_1_1243' title='bbox 1391 2607 1480 2636; x_wconf 82' lang='lat' dir='ltr'>Fidem</span> <span class='ocrx_word' id='word_1_1244' title='bbox 1496 2606 1709 2645; x_wconf 78' lang='lat' dir='ltr'>Obfervantiam</span> <span class='ocrx_word' id='word_1_1245' title='bbox 1727 2608 1758 2637; x_wconf 70' lang='grc' dir='ltr'>δε</span> <span class='ocrx_word' id='word_1_1246' title='bbox 1785 2607 1972 2637; x_wconf 79' lang='lat' dir='ltr'>obedientiam</span> <span class='ocrx_word' id='word_1_1247' title='bbox 1993 2609 2101 2648; x_wconf 86' lang='lat' dir='ltr'>semper</span> <span class='ocrx_word' id='word_1_1248' title='bbox 2122 2612 2296 2650; x_wconf 78' lang='lat' dir='ltr'>praestaturos</span> <span class='ocrx_word' id='word_1_1249' title='bbox 2315 2626 2379 2654; x_wconf 80' lang='lat' dir='ltr'>erga</span> 
     </span>
     <span class='ocr_line' id='line_1_155' title="bbox 1321 2645 2380 2689; baseline 0.004 -14"><span class='ocrx_word' id='word_1_1250' title='bbox 1321 2645 1487 2675; x_wconf 86' lang='lat' dir='ltr'>Dominum</span> <span class='ocrx_word' id='word_1_1251' title='bbox 1501 2648 1595 2683; x_wconf 79' lang='lat' dir='ltr'>Regem</span> <span class='ocrx_word' id='word_1_1252' title='bbox 1615 2645 1730 2683; x_wconf 73' lang='lat' dir='ltr'>nostium</span> <span class='ocrx_word' id='word_1_1253' title='bbox 1755 2648 1902 2675; x_wconf 78' lang='lat' dir='ltr'>Henricum</span> <span class='ocrx_word' id='word_1_1254' title='bbox 1920 2648 2076 2686; x_wconf 67' lang='lat' dir='ltr'>Ochvum,</span> <span class='ocrx_word' id='word_1_1255' title='bbox 2097 2650 2129 2680; x_wconf 89' lang='lat'>&amp;</span> <span class='ocrx_word' id='word_1_1256' title='bbox 2149 2661 2211 2689; x_wconf 75' lang='lat' dir='ltr'>erga</span> <span class='ocrx_word' id='word_1_1257' title='bbox 2235 2653 2380 2686; x_wconf 70' lang='lat' dir='ltr'>Semnjffi-</span> 
     </span>
     <span class='ocr_line' id='line_1_156' title="bbox 1320 2683 2380 2726; baseline 0.008 -14"><span class='ocrx_word' id='word_1_1258' title='bbox 1320 2694 1396 2714; x_wconf 88' lang='lat' dir='ltr'>mam</span> <span class='ocrx_word' id='word_1_1259' title='bbox 1414 2687 1543 2721; x_wconf 78' lang='lat' dir='ltr'>Reginam</span> <span class='ocrx_word' id='word_1_1260' title='bbox 1553 2687 1668 2714; x_wconf 86' lang='lat' dir='ltr'>Annam</span> <span class='ocrx_word' id='word_1_1261' title='bbox 1683 2683 1815 2714; x_wconf 80' lang='lat' dir='ltr'>Uxorem</span> <span class='ocrx_word' id='word_1_1262' title='bbox 1829 2685 1971 2723; x_wconf 87' lang='lat' dir='ltr'>ejusdem,</span> <span class='ocrx_word' id='word_1_1263' title='bbox 1989 2687 2020 2717; x_wconf 75' lang='grc' dir='ltr'>ὃ(</span> <span class='ocrx_word' id='word_1_1264' title='bbox 2036 2696 2098 2726; x_wconf 86' lang='lat' dir='ltr'>erga</span> <span class='ocrx_word' id='word_1_1265' title='bbox 2111 2689 2219 2720; x_wconf 89' lang='lat' dir='ltr'>castum</span> <span class='ocrx_word' id='word_1_1266' title='bbox 2233 2692 2380 2724; x_wconf 59' lang='lat' dir='ltr'>sanctum-</span> 
     </span>
     <span class='ocr_line' id='line_1_157' title="bbox 1317 2722 2380 2769; baseline 0.005 -17"><span class='ocrx_word' id='word_1_1267' title='bbox 1317 2733 1373 2762; x_wconf 86' lang='lat' dir='ltr'>que</span> <span class='ocrx_word' id='word_1_1268' title='bbox 1387 2722 1610 2753; x_wconf 80' lang='lat' dir='ltr'>Matrimonium</span> <span class='ocrx_word' id='word_1_1269' title='bbox 1627 2732 1715 2760; x_wconf 89' lang='lat' dir='ltr'>nuper</span> <span class='ocrx_word' id='word_1_1270' title='bbox 1731 2732 1789 2752; x_wconf 87' lang='lat' dir='ltr'>non</span> <span class='ocrx_word' id='word_1_1271' title='bbox 1807 2723 1896 2753; x_wconf 89' lang='lat' dir='ltr'>solum</span> <span class='ocrx_word' id='word_1_1272' title='bbox 1911 2724 1982 2754; x_wconf 89' lang='lat' dir='ltr'>inter</span> <span class='ocrx_word' id='word_1_1273' title='bbox 1994 2724 2118 2756; x_wconf 80' lang='lat' dir='ltr'>Eosdem</span> <span class='ocrx_word' id='word_1_1274' title='bbox 2132 2727 2204 2764; x_wconf 89' lang='lat' dir='ltr'>juste</span> <span class='ocrx_word' id='word_1_1275' title='bbox 2226 2730 2258 2760; x_wconf 90' lang='lat'>&amp;</span> <span class='ocrx_word' id='word_1_1276' title='bbox 2276 2731 2380 2769; x_wconf 70' lang='lat' dir='ltr'>legitti-</span> 
     </span>
     <span class='ocr_line' id='line_1_158' title="bbox 1317 2760 2377 2800; baseline 0.008 -9"><span class='ocrx_word' id='word_1_1277' title='bbox 1317 2772 1364 2791; x_wconf 89' lang='lat' dir='ltr'>me</span> <span class='ocrx_word' id='word_1_1278' title='bbox 1381 2761 1573 2791; x_wconf 62' lang='lat' dir='ltr'>Contracstum</span> <span class='ocrx_word' id='word_1_1279' title='bbox 1591 2760 1697 2790; x_wconf 77' lang='lat' dir='ltr'>Rarum</span> <span class='ocrx_word' id='word_1_1280' title='bbox 1713 2763 1743 2791; x_wconf 75' lang='grc' dir='ltr'>ὅ(</span> <span class='ocrx_word' id='word_1_1281' title='bbox 1754 2760 2012 2800; x_wconf 86' lang='lat' dir='ltr'>Consummatum,</span> <span class='ocrx_word' id='word_1_1282' title='bbox 2028 2763 2072 2793; x_wconf 90' lang='lat' dir='ltr'>sed</span> <span class='ocrx_word' id='word_1_1283' title='bbox 2087 2766 2170 2795; x_wconf 76' lang='lat' dir='ltr'>eti-am</span> <span class='ocrx_word' id='word_1_1284' title='bbox 2186 2776 2241 2796; x_wconf 75' lang='lat' dir='ltr'>tam</span> <span class='ocrx_word' id='word_1_1285' title='bbox 2258 2770 2285 2799; x_wconf 86' lang='lat' dir='ltr'>in</span> <span class='ocrx_word' id='word_1_1286' title='bbox 2296 2768 2377 2799; x_wconf 83' lang='lat' dir='ltr'>Dua-</span> 
     </span>
     <span class='ocr_line' id='line_1_159' title="bbox 1316 2798 2375 2846; baseline 0.008 -16"><span class='ocrx_word' id='word_1_1287' title='bbox 1316 2800 1364 2830; x_wconf 84' lang='lat' dir='ltr'>bus</span> <span class='ocrx_word' id='word_1_1288' title='bbox 1379 2798 1620 2830; x_wconf 79' lang='lat' dir='ltr'>convocationibus</span> <span class='ocrx_word' id='word_1_1289' title='bbox 1638 2798 1709 2830; x_wconf 82' lang='lat' dir='ltr'>Cleri</span> <span class='ocrx_word' id='word_1_1290' title='bbox 1730 2810 1809 2841; x_wconf 84' lang='lat' dir='ltr'>quam</span> <span class='ocrx_word' id='word_1_1291' title='bbox 1828 2804 1855 2830; x_wconf 82' lang='lat' dir='ltr'>in</span> <span class='ocrx_word' id='word_1_1292' title='bbox 1880 2800 2071 2832; x_wconf 74' lang='lat' dir='ltr'>parliamento</span> <span class='ocrx_word' id='word_1_1293' title='bbox 2094 2807 2268 2835; x_wconf 81' lang='lat' dir='ltr'>Dominorum</span> <span class='ocrx_word' id='word_1_1294' title='bbox 2291 2812 2375 2846; x_wconf 83' lang='lat' dir='ltr'>Spiri-</span> 
     </span>
     <span class='ocr_line' id='line_1_160' title="bbox 1314 2837 2377 2878; baseline 0.009 -11"><span class='ocrx_word' id='word_1_1295' title='bbox 1314 2838 1429 2868; x_wconf 85' lang='lat' dir='ltr'>tualium</span> <span class='ocrx_word' id='word_1_1296' title='bbox 1451 2838 1488 2873; x_wconf 80' lang='lat'><em>&amp;</em></span> <span class='ocrx_word' id='word_1_1297' title='bbox 1502 2837 1692 2877; x_wconf 86' lang='lat' dir='ltr'>Temporalium</span> <span class='ocrx_word' id='word_1_1298' title='bbox 1712 2846 1793 2878; x_wconf 83' lang='lat' dir='ltr'>atque</span> <span class='ocrx_word' id='word_1_1299' title='bbox 1813 2842 1991 2869; x_wconf 86' lang='lat' dir='ltr'>Communium</span> <span class='ocrx_word' id='word_1_1300' title='bbox 2010 2842 2040 2871; x_wconf 88' lang='lat' dir='ltr'>in</span> <span class='ocrx_word' id='word_1_1301' title='bbox 2063 2842 2166 2872; x_wconf 89' lang='lat' dir='ltr'>eodem</span> <span class='ocrx_word' id='word_1_1302' title='bbox 2189 2844 2377 2877; x_wconf 67' lang='lat' dir='ltr'>Parii-amento</span> 
     </span>
     <span class='ocr_line' id='line_1_161' title="bbox 1315 2876 2376 2920; baseline 0.003 -13"><span class='ocrx_word' id='word_1_1303' title='bbox 1315 2878 1562 2916; x_wconf 72' lang='lat' dir='ltr'>Congregatorum</span> <span class='ocrx_word' id='word_1_1304' title='bbox 1580 2878 1612 2908; x_wconf 69' lang='grc' dir='ltr'>δε</span> <span class='ocrx_word' id='word_1_1305' title='bbox 1637 2876 1820 2906; x_wconf 78' lang='lat' dir='ltr'>Praesentium</span> <span class='ocrx_word' id='word_1_1306' title='bbox 1846 2877 2095 2918; x_wconf 89' lang='lat' dir='ltr'>Determinatum‚</span> <span class='ocrx_word' id='word_1_1307' title='bbox 2122 2883 2154 2912; x_wconf 92' lang='lat'>&amp;</span> <span class='ocrx_word' id='word_1_1308' title='bbox 2179 2893 2227 2920; x_wconf 83' lang='lat' dir='ltr'>per</span> <span class='ocrx_word' id='word_1_1309' title='bbox 2248 2884 2376 2914; x_wconf 64' lang='lat' dir='ltr'>Thamam</span> 
     </span>
     <span class='ocr_line' id='line_1_162' title="bbox 1314 2915 2376 2962; baseline 0.008 -18"><span class='ocrx_word' id='word_1_1310' title='bbox 1314 2916 1534 2955; x_wconf 76' lang='lat' dir='ltr'>cantuariensem</span> <span class='ocrx_word' id='word_1_1311' title='bbox 1558 2915 1788 2954; x_wconf 79' lang='lat' dir='ltr'>Archiepiscopum</span> <span class='ocrx_word' id='word_1_1312' title='bbox 1815 2916 1976 2946; x_wconf 88' lang='lat' dir='ltr'>solemniter</span> <span class='ocrx_word' id='word_1_1313' title='bbox 1997 2916 2231 2959; x_wconf 76' lang='lat' dir='ltr'>Confirmatum,</span> <span class='ocrx_word' id='word_1_1314' title='bbox 2256 2924 2288 2952; x_wconf 59' lang='grc' dir='ltr'>ὃς</span> <span class='ocrx_word' id='word_1_1315' title='bbox 2311 2933 2376 2962; x_wconf 86' lang='lat' dir='ltr'>erga</span> 
     </span>
     <span class='ocr_line' id='line_1_163' title="bbox 1315 2955 2375 2997; baseline 0.008 -13"><span class='ocrx_word' id='word_1_1316' title='bbox 1315 2964 1525 2993; x_wconf 73' lang='lat' dir='ltr'>quamcumque</span> <span class='ocrx_word' id='word_1_1317' title='bbox 1537 2955 1618 2985; x_wconf 75' lang='lat' dir='ltr'>aliam</span> <span class='ocrx_word' id='word_1_1318' title='bbox 1633 2955 1756 2992; x_wconf 79' lang='lat' dir='ltr'>ejusdem</span> <span class='ocrx_word' id='word_1_1319' title='bbox 1772 2957 1884 2984; x_wconf 81' lang='lat' dir='ltr'>Henrici</span> <span class='ocrx_word' id='word_1_1320' title='bbox 1897 2958 1975 2992; x_wconf 70' lang='lat' dir='ltr'>Regis</span> <span class='ocrx_word' id='word_1_1321' title='bbox 1989 2955 2071 2994; x_wconf 77' lang='lat' dir='ltr'>nostri</span> <span class='ocrx_word' id='word_1_1322' title='bbox 2080 2960 2196 2987; x_wconf 75' lang='lat' dir='ltr'>Uxorem</span> <span class='ocrx_word' id='word_1_1323' title='bbox 2209 2960 2273 2997; x_wconf 87' lang='lat' dir='ltr'>post</span> <span class='ocrx_word' id='word_1_1324' title='bbox 2291 2961 2375 2992; x_wconf 83' lang='lat' dir='ltr'>Mor-</span> 
     </span>
     <span class='ocr_line' id='line_1_164' title="bbox 1313 2992 2376 3037; baseline 0.003 -15"><span class='ocrx_word' id='word_1_1325' title='bbox 1313 3001 1372 3023; x_wconf 89' lang='lat' dir='ltr'>tem</span> <span class='ocrx_word' id='word_1_1326' title='bbox 1382 2994 1523 3032; x_wconf 66' lang='lat' dir='ltr'>praedicflae</span> <span class='ocrx_word' id='word_1_1327' title='bbox 1539 2997 1634 3023; x_wconf 83' lang='lat' dir='ltr'>Annae</span> <span class='ocrx_word' id='word_1_1328' title='bbox 1651 3002 1726 3022; x_wconf 90' lang='lat' dir='ltr'>nunc</span> <span class='ocrx_word' id='word_1_1329' title='bbox 1742 2992 1852 3024; x_wconf 84' lang='lat' dir='ltr'>Uxoris</span> <span class='ocrx_word' id='word_1_1330' title='bbox 1865 2995 1920 3030; x_wconf 82' lang='lat' dir='ltr'>ejus</span> <span class='ocrx_word' id='word_1_1331' title='bbox 1936 2995 2071 3032; x_wconf 85' lang='lat' dir='ltr'>legittime</span> <span class='ocrx_word' id='word_1_1332' title='bbox 2085 2996 2246 3028; x_wconf 87' lang='lat' dir='ltr'>ducendam</span> <span class='ocrx_word' id='word_1_1333' title='bbox 2256 3022 2264 3037; x_wconf 91' lang='lat'>,</span> <span class='ocrx_word' id='word_1_1334' title='bbox 2283 3001 2315 3031; x_wconf 89' lang='lat'>&amp;</span> <span class='ocrx_word' id='word_1_1335' title='bbox 2330 3011 2376 3031; x_wconf 76' lang='lat' dir='ltr'>er-</span> 
     </span>
     <span class='ocr_line' id='line_1_165' title="bbox 1313 3031 2373 3073; baseline 0.007 -11"><span class='ocrx_word' id='word_1_1336' title='bbox 1313 3041 1347 3070; x_wconf 87' lang='lat' dir='ltr'>ga</span> <span class='ocrx_word' id='word_1_1337' title='bbox 1363 3031 1558 3062; x_wconf 71' lang='lat' dir='ltr'>Sobolem&#39;a&#39;itti</span> <span class='ocrx_word' id='word_1_1338' title='bbox 1573 3034 1683 3061; x_wconf 83' lang='lat' dir='ltr'>Domini</span> <span class='ocrx_word' id='word_1_1339' title='bbox 1701 3033 1778 3068; x_wconf 84' lang='lat' dir='ltr'>Regis</span> <span class='ocrx_word' id='word_1_1340' title='bbox 1794 3041 1826 3061; x_wconf 86' lang='lat' dir='ltr'>ex</span> <span class='ocrx_word' id='word_1_1341' title='bbox 1837 3033 1969 3069; x_wconf 58' lang='lat' dir='ltr'>praeaffcia</span> <span class='ocrx_word' id='word_1_1342' title='bbox 1985 3037 2074 3065; x_wconf 84' lang='lat' dir='ltr'>Anna</span> <span class='ocrx_word' id='word_1_1343' title='bbox 2084 3035 2222 3073; x_wconf 81' lang='lat' dir='ltr'>legittime</span> <span class='ocrx_word' id='word_1_1344' title='bbox 2238 3046 2293 3068; x_wconf 75' lang='lat' dir='ltr'>tam</span> <span class='ocrx_word' id='word_1_1345' title='bbox 2304 3038 2373 3069; x_wconf 90' lang='lat' dir='ltr'>Pro-</span> 
     </span>
     <span class='ocr_line' id='line_1_166' title="bbox 1311 3070 2373 3108; baseline 0.006 -8"><span class='ocrx_word' id='word_1_1346' title='bbox 1311 3072 1435 3108; x_wconf 82' lang='lat' dir='ltr'>genitam</span> <span class='ocrx_word' id='word_1_1347' title='bbox 1451 3081 1535 3108; x_wconf 87' lang='lat' dir='ltr'>quam</span> <span class='ocrx_word' id='word_1_1348' title='bbox 1553 3070 1798 3108; x_wconf 81' lang='lat' dir='ltr'>Progenerandam</span> <span class='ocrx_word' id='word_1_1349' title='bbox 1808 3093 1817 3108; x_wconf 90' lang='lat'>,</span> <span class='ocrx_word' id='word_1_1350' title='bbox 1837 3071 1869 3100; x_wconf 90' lang='lat'>&amp;</span> <span class='ocrx_word' id='word_1_1351' title='bbox 1885 3081 1951 3107; x_wconf 84' lang='lat' dir='ltr'>erga</span> <span class='ocrx_word' id='word_1_1352' title='bbox 1966 3071 2085 3102; x_wconf 76' lang='lat' dir='ltr'>Sobolem</span> <span class='ocrx_word' id='word_1_1353' title='bbox 2101 3075 2171 3104; x_wconf 72' lang='lat' dir='ltr'>dieti</span> <span class='ocrx_word' id='word_1_1354' title='bbox 2195 3078 2305 3105; x_wconf 85' lang='lat' dir='ltr'>Domini</span> <span class='ocrx_word' id='word_1_1355' title='bbox 2319 3081 2373 3107; x_wconf 81' lang='lat' dir='ltr'>Re-</span> 
     </span>
     <span class='ocr_line' id='line_1_167' title="bbox 1309 3107 2373 3150; baseline 0.004 -12"><span class='ocrx_word' id='word_1_1356' title='bbox 1309 3113 1349 3146; x_wconf 88' lang='lat' dir='ltr'>gis</span> <span class='ocrx_word' id='word_1_1357' title='bbox 1367 3119 1399 3139; x_wconf 83' lang='lat' dir='ltr'>ex</span> <span class='ocrx_word' id='word_1_1358' title='bbox 1416 3109 1465 3139; x_wconf 81' lang='lat' dir='ltr'>alia</span> <span class='ocrx_word' id='word_1_1359' title='bbox 1479 3118 1658 3147; x_wconf 84' lang='lat' dir='ltr'>quacumque</span> <span class='ocrx_word' id='word_1_1360' title='bbox 1671 3107 1790 3145; x_wconf 77' lang='lat' dir='ltr'>legitima</span> <span class='ocrx_word' id='word_1_1361' title='bbox 1806 3110 1896 3138; x_wconf 81' lang='lat' dir='ltr'>Uxore</span> <span class='ocrx_word' id='word_1_1362' title='bbox 1914 3108 1975 3146; x_wconf 84' lang='lat' dir='ltr'>post</span> <span class='ocrx_word' id='word_1_1363' title='bbox 1995 3110 2126 3141; x_wconf 88' lang='lat' dir='ltr'>Mortem</span> <span class='ocrx_word' id='word_1_1364' title='bbox 2145 3113 2269 3150; x_wconf 81' lang='lat' dir='ltr'>ejusdem</span> <span class='ocrx_word' id='word_1_1365' title='bbox 2278 3119 2373 3145; x_wconf 67' lang='lat' dir='ltr'>Annae</span> 
     </span>
     <span class='ocr_line' id='line_1_168' title="bbox 1314 3146 2371 3187; baseline 0.007 -10"><span class='ocrx_word' id='word_1_1366' title='bbox 1314 3148 1453 3185; x_wconf 86' lang='lat' dir='ltr'>legittime</span> <span class='ocrx_word' id='word_1_1367' title='bbox 1471 3146 1732 3185; x_wconf 84' lang='lat' dir='ltr'>progenerandam,</span> <span class='ocrx_word' id='word_1_1368' title='bbox 1753 3147 1785 3176; x_wconf 86' lang='lat'>&amp;</span> <span class='ocrx_word' id='word_1_1369' title='bbox 1809 3148 1886 3183; x_wconf 88' lang='lat' dir='ltr'>quod</span> <span class='ocrx_word' id='word_1_1370' title='bbox 1906 3147 1967 3177; x_wconf 83' lang='lat' dir='ltr'>haec</span> <span class='ocrx_word' id='word_1_1371' title='bbox 1990 3149 2088 3178; x_wconf 87' lang='lat' dir='ltr'>eadem</span> <span class='ocrx_word' id='word_1_1372' title='bbox 2114 3149 2225 3187; x_wconf 87' lang='lat' dir='ltr'>Populo</span> <span class='ocrx_word' id='word_1_1373' title='bbox 2243 3154 2371 3183; x_wconf 72' lang='lat' dir='ltr'>notifica-</span> 
     </span>
     <span class='ocr_line' id='line_1_169' title="bbox 1311 3184 2370 3254; baseline 0.006 -38"><span class='ocrx_word' id='word_1_1374' title='bbox 1311 3187 1407 3254; x_wconf 51' lang='grc' dir='ltr'>ὅπως</span> <span class='ocrx_word' id='word_1_1375' title='bbox 1423 3186 1635 3224; x_wconf 82' lang='lat' dir='ltr'>praedicabimus</span> <span class='ocrx_word' id='word_1_1376' title='bbox 1650 3185 1682 3215; x_wconf 69' lang='grc' dir='ltr'>ὃς</span> <span class='ocrx_word' id='word_1_1377' title='bbox 1699 3184 1873 3215; x_wconf 84' lang='lat' dir='ltr'>suadebimus</span> <span class='ocrx_word' id='word_1_1378' title='bbox 1895 3186 2068 3225; x_wconf 85' lang='lat' dir='ltr'>ubicumque</span> <span class='ocrx_word' id='word_1_1379' title='bbox 2089 3187 2199 3219; x_wconf 81' lang='lat' dir='ltr'>dabitur</span> <span class='ocrx_word' id='word_1_1380' title='bbox 2224 3190 2319 3222; x_wconf 73' lang='lat' dir='ltr'>Locus</span> <span class='ocrx_word' id='word_1_1381' title='bbox 2337 3192 2370 3222; x_wconf 88' lang='lat'>&amp;</span> 
     </span>
    </p>

    <p class='ocr_par' dir='ltr' id='par_1_35' title="bbox 1345 3229 1434 3255">
     <span class='ocr_line' id='line_1_170' title="bbox 1345 3229 1434 3255; baseline 0 -1"><span class='ocrx_word' id='word_1_1382' title='bbox 1345 3229 1434 3255; x_wconf 70' lang='lat' dir='ltr'>ccalio</span> 
     </span>
    </p>

    <p class='ocr_par' dir='ltr' id='par_1_36' title="bbox 1309 3248 2368 3342">
     <span class='ocr_line' id='line_1_171' title="bbox 1348 3248 2368 3304; baseline 0.006 -12"><span class='ocrx_word' id='word_1_1383' title='bbox 1348 3263 1392 3293; x_wconf 85' lang='lat' dir='ltr'>IT</span> <span class='ocrx_word' id='word_1_1384' title='bbox 1405 3248 1474 3300; x_wconf 47' lang='grc' dir='ltr'>Εὐ,</span> <span class='ocrx_word' id='word_1_1385' title='bbox 1489 3262 1566 3301; x_wconf 86' lang='lat' dir='ltr'>quod</span> <span class='ocrx_word' id='word_1_1386' title='bbox 1580 3262 1794 3293; x_wconf 77' lang='lat' dir='ltr'>Confirmatum</span> <span class='ocrx_word' id='word_1_1387' title='bbox 1808 3262 1971 3302; x_wconf 85' lang='lat' dir='ltr'>Ratumque</span> <span class='ocrx_word' id='word_1_1388' title='bbox 1987 3264 2122 3296; x_wconf 83' lang='lat' dir='ltr'>habemus</span> <span class='ocrx_word' id='word_1_1389' title='bbox 2137 3266 2297 3304; x_wconf 75' lang='lat' dir='ltr'>semperque</span> <span class='ocrx_word' id='word_1_1390' title='bbox 2307 3277 2368 3303; x_wconf 89' lang='lat' dir='ltr'>per-</span> 
     </span>
     <span class='ocr_line' id='line_1_172' title="bbox 1309 3301 2368 3342; baseline 0.005 -11"><span class='ocrx_word' id='word_1_1391' title='bbox 1309 3311 1395 3341; x_wconf 86' lang='lat' dir='ltr'>petuo</span> <span class='ocrx_word' id='word_1_1392' title='bbox 1410 3302 1528 3331; x_wconf 82' lang='lat' dir='ltr'>habituri</span> <span class='ocrx_word' id='word_1_1393' title='bbox 1544 3301 1635 3332; x_wconf 90' lang='lat' dir='ltr'>sumus</span> <span class='ocrx_word' id='word_1_1394' title='bbox 1645 3324 1653 3339; x_wconf 87' lang='lat'>,</span> <span class='ocrx_word' id='word_1_1395' title='bbox 1671 3302 1748 3339; x_wconf 86' lang='lat' dir='ltr'>quod</span> <span class='ocrx_word' id='word_1_1396' title='bbox 1759 3303 1904 3340; x_wconf 63' lang='lat' dir='ltr'>praedit‘ius</span> <span class='ocrx_word' id='word_1_1397' title='bbox 1918 3305 1976 3332; x_wconf 83' lang='lat' dir='ltr'>Rex</span> <span class='ocrx_word' id='word_1_1398' title='bbox 1992 3303 2076 3342; x_wconf 83' lang='lat' dir='ltr'>noster</span> <span class='ocrx_word' id='word_1_1399' title='bbox 2091 3306 2221 3334; x_wconf 83' lang='lat' dir='ltr'>Henricus</span> <span class='ocrx_word' id='word_1_1400' title='bbox 2237 3306 2275 3335; x_wconf 82' lang='lat' dir='ltr'>est</span> <span class='ocrx_word' id='word_1_1401' title='bbox 2295 3305 2323 3335; x_wconf 86' lang='lat' dir='ltr'>C</span> <span class='ocrx_word' id='word_1_1402' title='bbox 2333 3317 2368 3336; x_wconf 75' lang='lat' dir='ltr'>A·</span> 
     </span>
    </p>

    <p class='ocr_par' dir='ltr' id='par_1_37' title="bbox 1310 3339 1948 3378">
     <span class='ocr_line' id='line_1_173' title="bbox 1310 3339 1948 3378; baseline 0.002 -9"><span class='ocrx_word' id='word_1_1403' title='bbox 1310 3349 1392 3370; x_wconf 82' lang='lat' dir='ltr'>PUT</span> <span class='ocrx_word' id='word_1_1404' title='bbox 1413 3339 1632 3370; x_wconf 76' lang='lat' dir='ltr'><strong>EchESIAE</strong></span> <span class='ocrx_word' id='word_1_1405' title='bbox 1654 3340 1948 3378; x_wconf 70' lang='lat' dir='ltr'>ANGLICANAE,</span> 
     </span>
    </p>

    <p class='ocr_par' dir='ltr' id='par_1_38' title="bbox 1308 3378 2367 3564">
     <span class='ocr_line' id='line_1_174' title="bbox 1348 3378 2363 3417; baseline 0.002 -9"><span class='ocrx_word' id='word_1_1406' title='bbox 1348 3379 1392 3408; x_wconf 78' lang='lat' dir='ltr'>IT</span> <span class='ocrx_word' id='word_1_1407' title='bbox 1403 3388 1420 3408; x_wconf 80' lang='grc' dir='ltr'>Ε</span> <span class='ocrx_word' id='word_1_1408' title='bbox 1432 3387 1475 3415; x_wconf 80' lang='lat' dir='ltr'>M,</span> <span class='ocrx_word' id='word_1_1409' title='bbox 1496 3378 1572 3416; x_wconf 82' lang='lat' dir='ltr'>quod</span> <span class='ocrx_word' id='word_1_1410' title='bbox 1589 3378 1729 3417; x_wconf 75' lang='lat' dir='ltr'>Episiopus</span> <span class='ocrx_word' id='word_1_1411' title='bbox 1751 3381 1901 3415; x_wconf 82' lang='lat' dir='ltr'>Romanus,</span> <span class='ocrx_word' id='word_1_1412' title='bbox 1917 3380 1963 3416; x_wconf 92' lang='lat' dir='ltr'>qui</span> <span class='ocrx_word' id='word_1_1413' title='bbox 1988 3380 2016 3408; x_wconf 91' lang='lat' dir='ltr'>in</span> <span class='ocrx_word' id='word_1_1414' title='bbox 2034 3379 2082 3408; x_wconf 86' lang='lat' dir='ltr'>suis</span> <span class='ocrx_word' id='word_1_1415' title='bbox 2102 3379 2182 3409; x_wconf 81' lang='lat' dir='ltr'>Bullis</span> <span class='ocrx_word' id='word_1_1416' title='bbox 2205 3383 2286 3417; x_wconf 80' lang='lat' dir='ltr'>Papae</span> <span class='ocrx_word' id='word_1_1417' title='bbox 2303 3383 2363 3410; x_wconf 88' lang='lat' dir='ltr'>No-</span> 
     </span>
     <span class='ocr_line' id='line_1_175' title="bbox 1308 3416 2364 3459; baseline 0.003 -13"><span class='ocrx_word' id='word_1_1418' title='bbox 1308 3429 1367 3447; x_wconf 76' lang='lat' dir='ltr'>men</span> <span class='ocrx_word' id='word_1_1419' title='bbox 1386 3416 1498 3455; x_wconf 76' lang='lat' dir='ltr'>usurpat</span> <span class='ocrx_word' id='word_1_1420' title='bbox 1515 3416 1552 3449; x_wconf 59' lang='grc' dir='ltr'><strong><em>ὠ</em></strong></span> <span class='ocrx_word' id='word_1_1421' title='bbox 1574 3420 1673 3446; x_wconf 83' lang='lat' dir='ltr'>Summi</span> <span class='ocrx_word' id='word_1_1422' title='bbox 1696 3417 1831 3457; x_wconf 80' lang='lat' dir='ltr'>Pontificis</span> <span class='ocrx_word' id='word_1_1423' title='bbox 1856 3419 2036 3454; x_wconf 82' lang='lat' dir='ltr'>Principatum</span> <span class='ocrx_word' id='word_1_1424' title='bbox 2051 3418 2099 3447; x_wconf 82' lang='lat' dir='ltr'>libi</span> <span class='ocrx_word' id='word_1_1425' title='bbox 2120 3427 2227 3459; x_wconf 75' lang='lat' dir='ltr'>arrogat</span> <span class='ocrx_word' id='word_1_1426' title='bbox 2243 3441 2251 3454; x_wconf 94' lang='lat'>,</span> <span class='ocrx_word' id='word_1_1427' title='bbox 2274 3420 2364 3449; x_wconf 85' lang='lat' dir='ltr'>nihilo</span> 
     </span>
     <span class='ocr_line' id='line_1_176' title="bbox 1309 3454 2362 3494; baseline 0.002 -9"><span class='ocrx_word' id='word_1_1428' title='bbox 1309 3457 1421 3494; x_wconf 81' lang='lat' dir='ltr'>majoris</span> <span class='ocrx_word' id='word_1_1429' title='bbox 1434 3465 1525 3492; x_wconf 85' lang='lat' dir='ltr'>neque</span> <span class='ocrx_word' id='word_1_1430' title='bbox 1542 3454 1726 3485; x_wconf 85' lang='lat' dir='ltr'>Authoritatis</span> <span class='ocrx_word' id='word_1_1431' title='bbox 1741 3465 1787 3484; x_wconf 90' lang='lat' dir='ltr'>aut</span> <span class='ocrx_word' id='word_1_1432' title='bbox 1797 3455 1999 3492; x_wconf 58' lang='lat' dir='ltr'>Jurisdtfflonis·</span> <span class='ocrx_word' id='word_1_1433' title='bbox 2014 3455 2154 3485; x_wconf 84' lang='lat' dir='ltr'>habendus</span> <span class='ocrx_word' id='word_1_1434' title='bbox 2170 3459 2197 3485; x_wconf 80' lang='lat' dir='ltr'>lit</span> <span class='ocrx_word' id='word_1_1435' title='bbox 2213 3466 2297 3493; x_wconf 86' lang='lat' dir='ltr'>quam</span> <span class='ocrx_word' id='word_1_1436' title='bbox 2312 3469 2362 3488; x_wconf 81' lang='lat' dir='ltr'>cae·</span> 
     </span>
     <span class='ocr_line' id='line_1_177' title="bbox 1308 3492 2367 3535; baseline 0.005 -12"><span class='ocrx_word' id='word_1_1437' title='bbox 1308 3502 1360 3523; x_wconf 73' lang='lat' dir='ltr'>teri</span> <span class='ocrx_word' id='word_1_1438' title='bbox 1376 3497 1464 3535; x_wconf 78' lang='lat' dir='ltr'>quivis</span> <span class='ocrx_word' id='word_1_1439' title='bbox 1477 3493 1595 3533; x_wconf 81' lang='lat' dir='ltr'>Episcopi</span> <span class='ocrx_word' id='word_1_1440' title='bbox 1614 3494 1642 3523; x_wconf 89' lang='lat' dir='ltr'>in</span> <span class='ocrx_word' id='word_1_1441' title='bbox 1658 3494 1759 3532; x_wconf 82' lang='lat' dir='ltr'>Anglia</span> <span class='ocrx_word' id='word_1_1442' title='bbox 1773 3494 1819 3524; x_wconf 85' lang='lat' dir='ltr'>vel</span> <span class='ocrx_word' id='word_1_1443' title='bbox 1826 3494 1890 3523; x_wconf 84' lang='lat' dir='ltr'>alibi</span> <span class='ocrx_word' id='word_1_1444' title='bbox 1900 3492 2040 3523; x_wconf 89' lang='lat' dir='ltr'>Gentium</span> <span class='ocrx_word' id='word_1_1445' title='bbox 2055 3495 2084 3524; x_wconf 83' lang='lat' dir='ltr'>in</span> <span class='ocrx_word' id='word_1_1446' title='bbox 2098 3494 2142 3524; x_wconf 84' lang='lat' dir='ltr'>sua</span> <span class='ocrx_word' id='word_1_1447' title='bbox 2156 3495 2269 3532; x_wconf 72' lang='lat' dir='ltr'>quisque</span> <span class='ocrx_word' id='word_1_1448' title='bbox 2277 3496 2367 3528; x_wconf 77' lang='lat' dir='ltr'>Dioe-</span> 
     </span>
     <span class='ocr_line' id='line_1_178' title="bbox 1309 3537 1378 3564; baseline -0.029 0"><span class='ocrx_word' id='word_1_1449' title='bbox 1309 3537 1378 3564; x_wconf 81' lang='lat' dir='ltr'>cele.</span> 
     </span>
    </p>

    <p class='ocr_par' dir='ltr' id='par_1_39' title="bbox 1309 3568 2367 3765">
     <span class='ocr_line' id='line_1_179' title="bbox 1348 3568 2366 3609; baseline -0.002 -9"><span class='ocrx_word' id='word_1_1450' title='bbox 1348 3571 1390 3601; x_wconf 78' lang='lat' dir='ltr'>I&#39;r</span> <span class='ocrx_word' id='word_1_1451' title='bbox 1401 3581 1417 3601; x_wconf 75' lang='grc' dir='ltr'>Ε</span> <span class='ocrx_word' id='word_1_1452' title='bbox 1428 3579 1453 3601; x_wconf 83' lang='grc' dir='ltr'>Μ</span> <span class='ocrx_word' id='word_1_1453' title='bbox 1463 3593 1472 3608; x_wconf 82' lang='grc'>,</span> <span class='ocrx_word' id='word_1_1454' title='bbox 1489 3569 1566 3609; x_wconf 91' lang='lat' dir='ltr'>quod</span> <span class='ocrx_word' id='word_1_1455' title='bbox 1583 3569 1632 3599; x_wconf 86' lang='lat' dir='ltr'>soli</span> <span class='ocrx_word' id='word_1_1456' title='bbox 1649 3570 1718 3599; x_wconf 66' lang='lat' dir='ltr'>dicto</span> <span class='ocrx_word' id='word_1_1457' title='bbox 1733 3572 1846 3599; x_wconf 73' lang='lat' dir='ltr'>Domino</span> <span class='ocrx_word' id='word_1_1458' title='bbox 1859 3573 1924 3607; x_wconf 82' lang='lat' dir='ltr'>Regi</span> <span class='ocrx_word' id='word_1_1459' title='bbox 1938 3571 1970 3600; x_wconf 91' lang='lat'>&amp;</span> <span class='ocrx_word' id='word_1_1460' title='bbox 1980 3568 2191 3601; x_wconf 80' lang='lat' dir='ltr'>Succefforibus</span> <span class='ocrx_word' id='word_1_1461' title='bbox 2207 3573 2257 3602; x_wconf 90' lang='lat' dir='ltr'>suis</span> <span class='ocrx_word' id='word_1_1462' title='bbox 2270 3574 2366 3604; x_wconf 81' lang='lat' dir='ltr'>adhae-</span> 
     </span>
     <span class='ocr_line' id='line_1_180' title="bbox 1310 3608 2367 3648; baseline 0.003 -9"><span class='ocrx_word' id='word_1_1463' title='bbox 1310 3611 1448 3646; x_wconf 84' lang='lat' dir='ltr'>rebimus,</span> <span class='ocrx_word' id='word_1_1464' title='bbox 1472 3618 1556 3645; x_wconf 81' lang='lat' dir='ltr'>atque</span> <span class='ocrx_word' id='word_1_1465' title='bbox 1578 3610 1633 3644; x_wconf 84' lang='lat' dir='ltr'>ejus</span> <span class='ocrx_word' id='word_1_1466' title='bbox 1660 3608 1784 3638; x_wconf 79' lang='lat' dir='ltr'>Decreta</span> <span class='ocrx_word' id='word_1_1467' title='bbox 1809 3618 1841 3638; x_wconf 78' lang='lat' dir='ltr'>ac</span> <span class='ocrx_word' id='word_1_1468' title='bbox 1866 3608 2116 3645; x_wconf 71' lang='lat' dir='ltr'>proclamationes,</span> <span class='ocrx_word' id='word_1_1469' title='bbox 2133 3610 2241 3648; x_wconf 85' lang='lat' dir='ltr'>insuper</span> <span class='ocrx_word' id='word_1_1470' title='bbox 2266 3623 2367 3643; x_wconf 87' lang='lat' dir='ltr'>omnes</span> 
     </span>
     <span class='ocr_line' id='line_1_181' title="bbox 1312 3646 2365 3688; baseline 0.003 -10"><span class='ocrx_word' id='word_1_1471' title='bbox 1312 3649 1423 3686; x_wconf 73' lang='lat' dir='ltr'>Angliae</span> <span class='ocrx_word' id='word_1_1472' title='bbox 1443 3648 1551 3684; x_wconf 79' lang='lat' dir='ltr'>Leges,</span> <span class='ocrx_word' id='word_1_1473' title='bbox 1569 3656 1652 3684; x_wconf 83' lang='lat' dir='ltr'>atque</span> <span class='ocrx_word' id='word_1_1474' title='bbox 1666 3648 1757 3688; x_wconf 69' lang='lat' dir='ltr'>etiarn</span> <span class='ocrx_word' id='word_1_1475' title='bbox 1771 3646 1877 3677; x_wconf 76' lang='lat' dir='ltr'>Statuta</span> <span class='ocrx_word' id='word_1_1476' title='bbox 1894 3647 1990 3688; x_wconf 85' lang='lat' dir='ltr'>omnia</span> <span class='ocrx_word' id='word_1_1477' title='bbox 2005 3647 2032 3674; x_wconf 89' lang='lat' dir='ltr'>in</span> <span class='ocrx_word' id='word_1_1478' title='bbox 2050 3646 2242 3679; x_wconf 76' lang='lat' dir='ltr'>parliamento</span> <span class='ocrx_word' id='word_1_1479' title='bbox 2262 3652 2294 3680; x_wconf 92' lang='lat'>&amp;</span> <span class='ocrx_word' id='word_1_1480' title='bbox 2315 3660 2365 3687; x_wconf 86' lang='lat' dir='ltr'>per</span> 
     </span>
     <span class='ocr_line' id='line_1_182' title="bbox 1309 3684 2364 3726; baseline 0.001 -10"><span class='ocrx_word' id='word_1_1481' title='bbox 1309 3688 1530 3718; x_wconf 85' lang='lat' dir='ltr'>Patliamentum</span> <span class='ocrx_word' id='word_1_1482' title='bbox 1548 3685 1657 3714; x_wconf 79' lang='lat' dir='ltr'>decreta</span> <span class='ocrx_word' id='word_1_1483' title='bbox 1683 3689 1847 3714; x_wconf 82' lang='lat' dir='ltr'>conhrmata</span> <span class='ocrx_word' id='word_1_1484' title='bbox 1873 3684 1987 3713; x_wconf 83' lang='lat' dir='ltr'>stabilita</span> <span class='ocrx_word' id='word_1_1485' title='bbox 2012 3685 2045 3715; x_wconf 74' lang='grc' dir='ltr'>ὃ(</span> <span class='ocrx_word' id='word_1_1486' title='bbox 2071 3686 2199 3717; x_wconf 79' lang='lat' dir='ltr'>ratificata</span> <span class='ocrx_word' id='word_1_1487' title='bbox 2225 3696 2364 3726; x_wconf 85' lang='lat' dir='ltr'>perpetuo</span> 
     </span>
     <span class='ocr_line' id='line_1_183' title="bbox 1309 3721 2364 3765; baseline 0.001 -10"><span class='ocrx_word' id='word_1_1488' title='bbox 1309 3726 1550 3755; x_wconf 79' lang='lat' dir='ltr'>manutenebimus</span> <span class='ocrx_word' id='word_1_1489' title='bbox 1561 3746 1570 3759; x_wconf 88' lang='lat'>,</span> <span class='ocrx_word' id='word_1_1490' title='bbox 1586 3722 1704 3761; x_wconf 77' lang='lat' dir='ltr'>Episcopi</span> <span class='ocrx_word' id='word_1_1491' title='bbox 1720 3726 1832 3752; x_wconf 84' lang='lat' dir='ltr'>Romani</span> <span class='ocrx_word' id='word_1_1492' title='bbox 1850 3723 1970 3759; x_wconf 85' lang='lat' dir='ltr'>Legibus</span> <span class='ocrx_word' id='word_1_1493' title='bbox 1988 3721 2117 3754; x_wconf 87' lang='lat' dir='ltr'>Decretis</span> <span class='ocrx_word' id='word_1_1494' title='bbox 2133 3726 2165 3755; x_wconf 69' lang='grc' dir='ltr'>ὃς</span> <span class='ocrx_word' id='word_1_1495' title='bbox 2181 3725 2364 3765; x_wconf 81' lang='lat' dir='ltr'>Canonibus,</span> 
     </span>
    </p>

    <p class='ocr_par' dir='ltr' id='par_1_40' title="bbox 1306 3761 2364 3839">
     <span class='ocr_line' id='line_1_184' title="bbox 1309 3761 2364 3801; baseline 0.004 -11"><span class='ocrx_word' id='word_1_1496' title='bbox 1309 3764 1326 3794; x_wconf 79' lang='lat' dir='ltr'>fi</span> <span class='ocrx_word' id='word_1_1497' title='bbox 1345 3765 1391 3801; x_wconf 76' lang='lat' dir='ltr'>qni</span> <span class='ocrx_word' id='word_1_1498' title='bbox 1416 3771 1514 3793; x_wconf 84' lang='lat' dir='ltr'>contra</span> <span class='ocrx_word' id='word_1_1499' title='bbox 1542 3762 1649 3798; x_wconf 84' lang='lat' dir='ltr'>Legem</span> <span class='ocrx_word' id='word_1_1500' title='bbox 1672 3761 1808 3790; x_wconf 83' lang='lat' dir='ltr'>Divinam</span> <span class='ocrx_word' id='word_1_1501' title='bbox 1830 3762 1861 3790; x_wconf 89' lang='lat'>&amp;</span> <span class='ocrx_word' id='word_1_1502' title='bbox 1888 3766 1990 3789; x_wconf 67' lang='lat' dir='ltr'>{acram</span> <span class='ocrx_word' id='word_1_1503' title='bbox 2012 3761 2186 3800; x_wconf 84' lang='lat' dir='ltr'>Scripturam</span> <span class='ocrx_word' id='word_1_1504' title='bbox 2209 3763 2265 3794; x_wconf 81' lang='lat' dir='ltr'>effe</span> <span class='ocrx_word' id='word_1_1505' title='bbox 2284 3766 2364 3796; x_wconf 90' lang='lat' dir='ltr'>inve-</span> 
     </span>
     <span class='ocr_line' id='line_1_185' title="bbox 1306 3799 1821 3839; baseline -0.01 -7"><span class='ocrx_word' id='word_1_1506' title='bbox 1306 3805 1429 3837; x_wconf 76' lang='lat' dir='ltr'>nientur,</span> <span class='ocrx_word' id='word_1_1507' title='bbox 1446 3809 1583 3839; x_wconf 86' lang='lat' dir='ltr'>perpetuo</span> <span class='ocrx_word' id='word_1_1508' title='bbox 1600 3799 1821 3828; x_wconf 73' lang='lat' dir='ltr'>Renunciantes.</span> 
     </span>
    </p>

    <p class='ocr_par' dir='ltr' id='par_1_41' title="bbox 1306 3835 2364 3995">
     <span class='ocr_line' id='line_1_186' title="bbox 1344 3835 2364 3876; baseline 0.003 -6"><span class='ocrx_word' id='word_1_1509' title='bbox 1344 3840 1387 3870; x_wconf 79' lang='lat' dir='ltr'>[T</span> <span class='ocrx_word' id='word_1_1510' title='bbox 1399 3849 1415 3870; x_wconf 73' lang='lat' dir='ltr'>E</span> <span class='ocrx_word' id='word_1_1511' title='bbox 1428 3848 1453 3869; x_wconf 65' lang='lat' dir='ltr'>ixi</span> <span class='ocrx_word' id='word_1_1512' title='bbox 1465 3862 1472 3875; x_wconf 83' lang='lat'>,</span> <span class='ocrx_word' id='word_1_1513' title='bbox 1492 3838 1568 3875; x_wconf 83' lang='lat' dir='ltr'>quod</span> <span class='ocrx_word' id='word_1_1514' title='bbox 1589 3836 1659 3866; x_wconf 88' lang='lat' dir='ltr'>Nos</span> <span class='ocrx_word' id='word_1_1515' title='bbox 1674 3838 1800 3874; x_wconf 70' lang='lat' dir='ltr'>Prioriſja</span> <span class='ocrx_word' id='word_1_1516' title='bbox 1816 3835 1854 3871; x_wconf 78' lang='lat'><em>&amp;</em></span> <span class='ocrx_word' id='word_1_1517' title='bbox 1870 3839 2022 3866; x_wconf 81' lang='lat' dir='ltr'>Conventus</span> <span class='ocrx_word' id='word_1_1518' title='bbox 2033 3839 2178 3876; x_wconf 69' lang='lat' dir='ltr'>praediHus</span> <span class='ocrx_word' id='word_1_1519' title='bbox 2197 3841 2229 3871; x_wconf 68' lang='grc' dir='ltr'>ὃς</span> <span class='ocrx_word' id='word_1_1520' title='bbox 2245 3840 2364 3873; x_wconf 89' lang='lat' dir='ltr'>Succes-</span> 
     </span>
     <span class='ocr_line' id='line_1_187' title="bbox 1307 3874 2363 3912; baseline 0.003 -4"><span class='ocrx_word' id='word_1_1521' title='bbox 1307 3881 1380 3910; x_wconf 73' lang='lat' dir='ltr'>sores</span> <span class='ocrx_word' id='word_1_1522' title='bbox 1398 3878 1485 3907; x_wconf 78' lang='lat' dir='ltr'>nostri</span> <span class='ocrx_word' id='word_1_1523' title='bbox 1504 3876 1694 3906; x_wconf 67' lang='lat' dir='ltr'>Conscientia:</span> <span class='ocrx_word' id='word_1_1524' title='bbox 1717 3885 1747 3904; x_wconf 84' lang='lat' dir='ltr'>ac</span> <span class='ocrx_word' id='word_1_1525' title='bbox 1763 3874 1954 3912; x_wconf 59' lang='lat' dir='ltr'>jurisjurandi</span> <span class='ocrx_word' id='word_1_1526' title='bbox 1970 3876 2151 3907; x_wconf 86' lang='lat' dir='ltr'>Sacramento</span> <span class='ocrx_word' id='word_1_1527' title='bbox 2168 3878 2292 3910; x_wconf 85' lang='lat' dir='ltr'>Nosmet</span> <span class='ocrx_word' id='word_1_1528' title='bbox 2318 3881 2363 3911; x_wconf 84' lang='lat' dir='ltr'>fir-</span> 
     </span>
     <span class='ocr_line' id='line_1_188' title="bbox 1309 3912 2362 3953; baseline 0.001 -5"><span class='ocrx_word' id='word_1_1529' title='bbox 1309 3912 1391 3948; x_wconf 83' lang='lat' dir='ltr'>miter</span> <span class='ocrx_word' id='word_1_1530' title='bbox 1406 3916 1590 3953; x_wconf 66' lang='lat' dir='ltr'>obligamus,</span> <span class='ocrx_word' id='word_1_1531' title='bbox 1611 3914 1686 3950; x_wconf 87' lang='lat' dir='ltr'>quod</span> <span class='ocrx_word' id='word_1_1532' title='bbox 1700 3915 1798 3942; x_wconf 86' lang='lat' dir='ltr'>onmia</span> <span class='ocrx_word' id='word_1_1533' title='bbox 1811 3913 1841 3941; x_wconf 87' lang='lat'>&amp;</span> <span class='ocrx_word' id='word_1_1534' title='bbox 1859 3912 1962 3950; x_wconf 77' lang='lat' dir='ltr'>singula</span> <span class='ocrx_word' id='word_1_1535' title='bbox 1980 3915 2114 3952; x_wconf 62' lang='lat' dir='ltr'>praedicffta</span> <span class='ocrx_word' id='word_1_1536' title='bbox 2129 3915 2244 3947; x_wconf 77' lang='lat' dir='ltr'>fideliter</span> <span class='ocrx_word' id='word_1_1537' title='bbox 2258 3918 2291 3948; x_wconf 72' lang='grc' dir='ltr'>δε</span> <span class='ocrx_word' id='word_1_1538' title='bbox 2306 3919 2362 3949; x_wconf 83' lang='lat' dir='ltr'>im-</span> 
     </span>
     <span class='ocr_line' id='line_1_189' title="bbox 1306 3953 1822 3995; baseline -0.008 -10"><span class='ocrx_word' id='word_1_1539' title='bbox 1306 3963 1472 3995; x_wconf 81' lang='lat' dir='ltr'>perpetuum</span> <span class='ocrx_word' id='word_1_1540' title='bbox 1485 3953 1704 3983; x_wconf 78' lang='lat' dir='ltr'>observabimus.</span> <span class='ocrx_word' id='word_1_1541' title='bbox 1819 3990 1822 3994; x_wconf 38' lang='grc' dir='ltr'>Ι</span> 
     </span>
    </p>

    <p class='ocr_par' dir='ltr' id='par_1_42' title="bbox 1307 3987 2408 4100">
     <span class='ocr_line' id='line_1_190' title="bbox 1343 3987 2408 4033; baseline -0.003 -9"><span class='ocrx_word' id='word_1_1542' title='bbox 1343 3994 1375 4024; x_wconf 85' lang='lat' dir='ltr'>In</span> <span class='ocrx_word' id='word_1_1543' title='bbox 1392 3994 1470 4031; x_wconf 83' lang='lat' dir='ltr'>cujus</span> <span class='ocrx_word' id='word_1_1544' title='bbox 1487 3994 1523 4021; x_wconf 85' lang='lat' dir='ltr'>rei</span> <span class='ocrx_word' id='word_1_1545' title='bbox 1538 3990 1754 4020; x_wconf 87' lang='lat' dir='ltr'>Testimonium</span> <span class='ocrx_word' id='word_1_1546' title='bbox 1775 3989 1842 4019; x_wconf 81' lang='lat' dir='ltr'>huic</span> <span class='ocrx_word' id='word_1_1547' title='bbox 1863 3987 2057 4033; x_wconf 77' lang='lat' dir='ltr'>Instrumento</span> <span class='ocrx_word' id='word_1_1548' title='bbox 2072 3991 2116 4025; x_wconf 86' lang='lat' dir='ltr'>vel</span> <span class='ocrx_word' id='word_1_1549' title='bbox 2135 3992 2248 4032; x_wconf 84' lang='lat' dir='ltr'>Scripto</span> <span class='ocrx_word' id='word_1_1550' title='bbox 2262 3995 2362 4026; x_wconf 74' lang='lat' dir='ltr'>nostro</span> <span class='ocrx_word' id='word_1_1551' title='bbox 2403 4019 2408 4024; x_wconf 83' lang='lat'>,</span> 
     </span>
     <span class='ocr_line' id='line_1_191' title="bbox 1307 4027 2329 4100; baseline -0.008 -37"><span class='ocrx_word' id='word_1_1552' title='bbox 1307 4033 1439 4071; x_wconf 82' lang='lat' dir='ltr'>Sigillum</span> <span class='ocrx_word' id='word_1_1553' title='bbox 1455 4030 1587 4062; x_wconf 84' lang='lat' dir='ltr'>nostrum</span> <span class='ocrx_word' id='word_1_1554' title='bbox 1600 4037 1759 4061; x_wconf 86' lang='lat' dir='ltr'>commune</span> <span class='ocrx_word' id='word_1_1555' title='bbox 1779 4027 1972 4066; x_wconf 76' lang='lat' dir='ltr'>appendimus.</span> <span class='ocrx_word' id='word_1_1556' title='bbox 2298 4070 2329 4100; x_wconf 82' lang='lat' dir='ltr'>D</span> 
     </span>
    </p>

    <p class='ocr_par' dir='ltr' id='par_1_43' title="bbox 2270 4079 2365 4100">
     <span class='ocr_line' id='line_1_192' title="bbox 2270 4079 2365 4100; baseline 0.021 -2"><span class='ocrx_word' id='word_1_1557' title='bbox 2270 4093 2274 4098; x_wconf 93' lang='lat'>.</span> <span class='ocrx_word' id='word_1_1558' title='bbox 2331 4079 2365 4100; x_wconf 49' lang='lat' dir='ltr'>att</span> 
     </span>
    </p>
   </div>
  </div>
 </body>
</html>
