2542 4274
0 183 12 202 ι.
29 170 68 202 D.

0 210 41 260 {⁶-

4 259 42 276 iz..

0 298 28 324 g.

0 1024 15 1044 i.
28 1012 67 1044 D.

0 1054 42 1083 56.

0 2215 51 2246 1V.

0 2265 68 2324 ζῆ)

3 2334 40 2362 66

0 2374 51 2402 bid.

44 2277 150 2362 >R

92 101 171 143 130

87 173 144 218 suas
165 174 264 214 Sigillo
285 184 387 205 eorum
410 175 532 205 comuni
556 171 681 214 sigillatas
695 196 705 213 ,
730 173 816 206 nobis
838 171 905 204 inde
927 167 1048 202 directas
1061 187 1071 204 2
1096 163 1156 202 Ple·

88 214 152 244 nius
172 214 302 252 liquet&
325 222 454 252 apparet,
993 246 999 252 ,
1093 242 1099 248 ,

125 251 210 289 Nos,
228 251 409 282 Eleetionem
431 252 507 283 illam
531 260 725 290 acceptanteS,
744 251 839 283 eidem
856 249 1001 290 Eleffloni
1023 244 1152 281 Regmm

88 289 236 320 Alsensum
259 290 440 321 adhibuimus
456 292 557 328 pariter
570 291 604 322 &
620 291 780 328 Favorem;
798 291 833 321 ὅ(
853 289 912 319 hoc
930 287 1032 321 vob1⁵2
1049 282 1153 313 Teno·

87 338 118 359 re
136 328 336 367 Praesendum,
354 328 559 369 fignificamus3
1095 359 1100 364 .
1126 358 1133 364 .

125 367 283 406 Rogantes,
305 377 339 397 ac
368 368 397 397 in
420 367 487 399 Fide
509 369 542 399 &
569 368 735 400 Dilestione
759 368 861 407 quibus
882 364 973 394 nobis*
994 368 1152 403 tenemini,

87 405 204 436 firmiter
223 405 415 445 praecipiendo
438 407 602 438 mandantes
615 429 626 446 ‚
647 417 782 446 quatenus
804 414 874 442 vos,
899 400 1022 443 eundem
1047 397 1154 435 Magls·

88 453 166 474 trum
183 446 322 480 Hugonem
337 443 426 482 Jones
441 446 471 476 in
486 445 661 484 Episcopum
676 447 708 476 ὅ(
724 443 870 474 Pastorem
892 440 1029 470 Eccleiiae
1045 436 1154 480 Cathe-

88 483 169 512 dralis
194 482 355 513 Landaven.
384 484 547 523 praedietae,
571 486 609 515 fic
632 493 662 514 ut
684 483 829 521 praefertur
857 479 1000 516 eledium,
1028 475 1155 506 Electio-

87 529 211 558 nemque
225 521 392 557 praediet-am
413 522 595 560 confirmare,
615 522 648 552 &
671 521 795 551 eundem
822 517 998 555 Magistrum
1014 517 1155 559 Hugonem

86 558 176 599 Jones
205 559 382 598 Episcopum
409 564 442 594 &
466 561 613 592 Pastorem
636 559 771 590 Ecclesiae,
796 557 942 596 praedietae
973 552 1156 588 consecrare,

88 606 246 641 caeteraque
269 600 370 629 omnia
393 600 427 630 &
451 600 554 639 singula
583 607 712 637 peragere
737 607 800 635 quae
823 596 916 627 vestro
938 595 968 624 in
994 593 1048 622 hac
1073 598 1156 635 'parte

89 637 264 668 incumbunt
285 636 399 668 Officio
423 638 557 670 Pastoraii
572 659 581 675 ,
611 638 689 675 juxta
718 636 842 666 formam
872 634 1049 665 Statutorum
1070 639 1101 659 m
1124 638 1156 660 ea

88 683 168 713 parte
190 675 333 719 editorum
354 678 387 708 &
410 677 604 718 provisorum,
620 674 710 706 velitis
732 683 802 704 cum
822 673 937 704 effeim.

126 712 162 744 In
178 723 259 752 cujus
276 715 333 753 rei,
351 715 414 746 &c.

127 789 218 822 Teste
237 790 353 830 Regina
371 791 446 830 apud
470 790 734 833 Wstmonasterium
751 789 876 822 secundo
892 788 951 819 Die
966 786 1050 817 Maii.

410 935 566 981 Restitutio
591 935 826 983 Temporalium.

93 1019 269 1075 REgina,
286 1021 431 1052 Escaetori
446 1021 494 1052 suo
509 1023 537 1051 in
560 1020 711 1052 Comitatu
734 1019 926 1052 Monmouth.
946 1017 1080 1048 Salutem.

191 1062 317 1093 Vacante
338 1070 426 1097 nuper
447 1060 619 1100 Episcopatu
643 1059 833 1097 Landavensi,
850 1068 899 1096 per
925 1056 1056 1087 Mortem
1075 1061 1155 1084 natu-

89 1101 174 1132 ralem
190 1100 282 1131 ultimi
306 1098 439 1136 Episcopi
461 1099 571 1129 ibidem
588 1122 597 1137 ,
616 1098 764 1136 Praqfidens
785 1096 824 1133 ὠ·
844 1095 996 1135 Capitulum
1020 1092 1156 1135 Ecclesiae

90 1139 264 1170 Cathedralis
287 1137 433 1167 Divorum
459 1137 536 1168 Petri
564 1139 598 1169 δε
621 1137 699 1167 Pauli
725 1136 886 1166 Landaven.
906 1133 1055 1172 praediehe
1069 1154 1078 1169 ‚
1108 1130 1158 1173 Li-

90 1177 184 1209 centia
199 1176 294 1207 nostrai
314 1175 403 1214 petita
418 1177 516 1214 pariter
535 1176 567 1207 &
591 1175 726 1213 obtenta,
747 1174 895 1205 Dilectum
909 1173 1007 1203 Nobis
1023 1173 1052 1200 in
1069 1169 1156 1212 Chri-

89 1217 152 1255 sto,
169 1219 310 1254 Hugonem
326 1214 416 1252 Jones
439 1215 467 1244 in
496 1215 621 1252 Legibus
642 1214 860 1246 Baeculaurium
876 1235 885 1251 ,
912 1213 941 1242 in
964 1219 1065 1241 eorum
1087 1208 1158 1246 Epi-

87 1255 207 1294 scopum
223 1255 257 1285 &
273 1253 420 1284 Pastorem
435 1253 595 1292 elegerunt,

127 1295 184 1326 Cui
227 1292 323 1323 uidem
344 1291 488 1323 Electioni
502 1293 536 1322 &
560 1293 690 1324 Personae
707 1291 744 1322 sic
766 1289 883 1328 electae,
901 1289 1031 1326 Regium
1053 1285 1156 1316 Assen-

87 1334 149 1365 sum
170 1342 210 1363 rio
237 1340 302 1362 rum
319 1330 499 1362 adhibuimus
519 1331 552 1362 &
577 1331 707 1362 favorem
720 1353 730 1368 ,
748 1329 884 1367 ipsiusque
904 1327 1079 1358 Fidelitatem
1103 1335 1156 1368 no-

87 1373 130 1404 bis
152 1372 280 1402 debitam
306 1379 358 1407 pro
388 1368 469 1400 dieto
493 1369 664 1408 Episcopatu
693 1369 872 1406 recepimus,
902 1377 936 1396 ac
966 1364 1156 1402 Temporalia

86 1410 209 1449 ejusdem
230 1406 418 1447 Episcopatus
447 1409 591 1446 (exceptis
610 1409 746 1439 omnibus
770 1405 911 1437 Maneriis
931 1404 1031 1434 Terris
1055 1403 1156 1432 Tene-

87 1450 190 1480 mentis
207 1449 240 1480 δε
263 1446 513 1478 Haerediramentis
535 1456 603 1477 cum
632 1446 811 1478 Pertinentiis
836 1443 975 1482 predicto
1001 1441 1157 1482 Episcopa-

86 1490 126 1520 tui
139 1487 247 1519 dudum
263 1485 449 1524 specstantibus
471 1487 505 1518 &
521 1486 741 1525 pertinentibus,
759 1483 851 1514 modo
873 1483 903 1512 in
920 1482 1025 1513 Manus
1040 1479 1158 1517 nostras,

86 1530 115 1559 vi
136 1537 187 1558 ore
212 1524 358 1563 cujusdam
381 1523 474 1554 Aetas
504 1524 591 1555 Anno
620 1523 719 1562 Regni
741 1522 831 1554 nostri
859 1523 955 1560 primo
977 1520 1044 1550 inde
1066 1527 1156 1555 nuper

87 1577 104 1597 e
126 1567 155 1597 iti
176 1567 209 1597 &
231 1563 353 1603 provisi,
369 1562 466 1594 cleeris
480 1563 512 1594 &
534 1563 639 1601 captis,
656 1573 689 1593 ac
710 1563 739 1592 in
756 1562 909 1593 Scaccario
931 1559 1029 1590 nostro
1044 1557 1080 1588 de
1096 1557 1158 1588 Re-

89 1605 181 1637 cordo
201 1602 398 1639 relidentibus)
420 1603 445 1632 ei
468 1601 637 1633 restituimus
655 1611 705 1640 pei·
721 1600 891 1638 Praesentes3

128 1643 165 1674 Et
192 1643 258 1673 ideo
279 1642 332 1671 tibi
361 1641 544 1679 praecipimus
569 1640 646 1680 quod
672 1638 792 1679 praefato
824 1638 944 1676 ΕΙεέῖο,
970 1635 1157 1673 Temporalia

88 1682 224 1722 praedic‘ta
245 1689 314 1711 cum
337 1680 512 1717 pertinentiis
527 1681 671 1719 (exceptis
696 1678 878 1716 praeexceptis
894 1678 903 1712 )
928 1678 957 1706 in
974 1675 1077 1705 Balliva
1092 1683 1156 1711 tua,

89 1732 106 1752 a
130 1719 213 1751 Festo
228 1718 325 1749 Sanffl
345 1717 496 1748 Michaelis
514 1718 681 1758 Archangeli
705 1717 808 1748 ultimo
826 1716 989 1754 praeterito,
1008 1714 1064 1744 fine
1087 1712 1158 1743 dila-

92 1761 171 1792 tione
194 1759 310 1795 liberes;
326 1756 402 1788 salvo
417 1756 485 1796 Jure
506 1757 663 1795 cujussibet.

128 1836 220 1868 Teste
238 1833 352 1874 Regini
369 1834 443 1873 apud
462 1833 719 1873 W’stmimasterium
738 1832 814 1862 sexto
835 1830 894 1861 Die
909 1829 992 1861 Maii.

94 1913 264 1945 Consimilia
290 1911 388 1942 Brevia
421 1910 579 1950 diriguntur
610 1909 803 1941 Escaetoribus
832 1907 991 1945 subscriptis
1010 1906 1061 1937 sub
1083 1905 1161 1936 Data

132 1952 286 1991 praedicta,
305 1950 456 1989 videlicet,

133 2027 332 2067 Efiaetorifito
349 2031 377 2057 in
395 2031 467 2057 Com.
482 2026 656 2066 Glamorgan.

129 2069 269 2108 Escaetori
280 2066 331 2106 fito
347 2070 376 2097 in
397 2070 471 2097 Com.
486 2066 580 2096 Glouc.

453 2200 476 2224 *
500 2203 549 2236 De
571 2198 762 2234 Intendendo.

158 2291 270 2330 Egina,
290 2289 448 2327 Militibus,
479 2288 588 2319 Liberis
606 2285 802 2323 Hominibus,
821 2285 853 2316 &
868 2285 1005 2315 omnibus
1025 2283 1086 2315 aliis
1099 2282 1161 2314 Te-

168 2332 298 2361 nentibus
313 2329 349 2359 de
365 2328 535 2365 Episcopatu
563 2325 725 2357 Landaven.
752 2324 885 2367 Salutem.

133 2370 260 2402 Vacante
283 2378 371 2405 nuper
394 2367 565 2411 Episcopatu
589 2363 765 2395 Landavenii
782 2385 792 2401 ,
817 2372 866 2400 per
890 2361 1021 2392 Mortem
1053 2369 1162 2392 natura—

98 2409 156 2440 lem
182 2408 273 2438 ultimi
296 2406 432 2444 Episcopi
454 2405 560 2435 ibidem
576 2426 586 2441 ,
614 2401 763 2441 Praefidens
786 2400 825 2436 ὠ·
849 2401 1006 2444 Capitulum-3
1026 2399 1160 2443 Ecclesiae

98 2446 273 2479 Cathedralis
294 2445 439 2476 Divorum
466 2443 541 2474 Petri
570 2443 602 2473 &
627 2440 705 2471 Pauli
728 2440 890 2470 Landaveii.
917 2439 1062 2475 praedictae
1091 2439 1100 2474 (
1113 2438 1161 2481 μι-

99 2487 193 2518 centia
212 2483 307 2515 nostra
320 2483 407 2522 petita
421 2484 524 2521 pariter
538 2482 572 2512 ὃ(
585 2479 720 2516 obtenta)
741 2478 879 2509 dileetum
896 2477 996 2507 Nobis
1013 2478 1042 2507 in
1065 2476 1163 2507 Chris-

99 2534 148 2564 to,
173 2528 309 2561 Hugonem
331 2522 420 2561 Jones
442 2523 470 2552 in
497 2521 626 2557 Legibus
655 2517 850 2550 Baccularium
871 2518 901 2546 in
922 2526 1023 2546 eorum
1045 2514 1163 2553 Episco-

97 2574 169 2603 pum
191 2564 225 2594 &
249 2561 394 2592 Pastorem
415 2560 578 2598 elegerunt,
972 2594 977 2599 .

136 2602 194 2633 Cui
211 2601 326 2640 quidem
348 2600 491 2631 Electioni
512 2599 546 2630 &
568 2597 700 2629 Personae
723 2595 762 2626 sic
783 2594 882 2636 ele-<stae
903 2593 1031 2633 Regium
1058 2592 1163 2623 Assen-

99 2641 162 2672 sum
183 2639 311 2672 nostrum
325 2639 504 2669 adhibuimus
518 2638 551 2668 ὃς
567 2636 725 2673 Favorem,
745 2633 880 2677 ipsiusque
900 2633 1076 2663 fidelitatem
1092 2631 1163 2675 No·

100 2681 144 2711 bis
164 2680 291 2711 debitam
319 2687 370 2714 pro
390 2678 470 2708 dicto
500 2673 671 2714 Episcopatu
699 2681 859 2710 recepimus
874 2695 883 2709 ,
904 2681 945 2714 ¹ac
974 2670 1163 2714 Temporalia

99 2719 225 2758 ejusdem
248 2715 434 2756 Episcopatus
460 2715 601 2753 (exceptis
621 2714 755 2744 omnibus
773 2709 923 2754 „Maneriis
943 2711 1040 2753 Terris
1065 2710 1162 2752 Tene7

101 2759 203 2789 mentis
216 2757 249 2787 &
270 2754 514 2787 Haereditamentis
536 2762 606 2783 curn
621 2752 804 2782 Pertinentiis
817 2748 957 2786 praediCto
978 2747 1162 2790 Episcopatui

100 2797 212 2828 dudum
226 2795 413 2832 speetantibus
427 2793 467 2839 „&
480 2792 698 2830 pertinentibus,
713 2787 807 2833 niodo
829 2788 858 2831 in
875 2785 1104 2830 Manustnostras
1119 2795 1163 2815 vi-

102 2845 176 2905 ἒῖῑῖῗ
187 2835 354 2910 ἕεᾛῗῧῖἒ,
362 2832 479 2900 {Sais
489 2824 1163 2906 §223115‘3‘12022”s'ffa‘gci'sffzsfflssedffl

104 2912 196 2944 cordo
216 2908 413 2945 residentibus)
434 2908 459 2938 ei
475 2907 646 2936 restituimus
661 2914 710 2943 per
726 2902 895 2939 Pnesentesz,

143 2950 180 2981 Et
196 2949 262 2979 ideo
278 2949 360 2978 vobis
381 2945 564 2982 mandamus,
582 2943 663 2983 quod
684 2941 778 2974 eidem
799 2939 917 2984 Eleslffi
937 2948 1071 2977 tanquam
1094 2939 1165 2983 Epi-

103 2990 193 3029 scopo
209 2989 241 3019 ὃ(
257 2987 389 3017 Domino
405 2983 514 3022 vestro,
528 2984 556 3013 in
571 2983 706 3013 omnibus
719 2990 783 3023 quae
799 2979 834 3009 ad
847 2979 1047 3016 Episcopatum
1064 2979 1163 3015 praedi-

103 3030 186 3060 &um
203 3028 358 3064 pertinent,
377 3023 551 3055 intendentes
571 3022 626 3053 sitis
647 3022 681 3053 ὃς
697 3018 894 3057 respondentes
905 3026 990 3056 prout
1009 3017 1100 3048 dccet.

140 3067 175 3097 ln
191 3065 286 3103 cujus,
303 3065 364 3095 &c.

139 3141 230 3174 Teste
248 3140 362 3181 Regin&
381 3138 455 3177 apud
475 3136 735 3178 Wllmonasterium
756 3135 834 3166 sexto
851 3133 910 3164 Die
924 3132 1009 3164 Maii.

238 3270 286 3302 De
308 3265 430 3313 Officio,
453 3266 617 3298 Servientis
641 3261 879 3308 Chirurgwm,
906 3259 1035 3305 concessi).

0 3376 41 3397 m·
54 3365 97 3397 D,
115 3355 272 3417 REgina
285 3353 421 3384 omnibus
434 3350 468 3381 ad
484 3359 570 3389 quos,
588 3350 649 3380 &c.
664 3346 802 3378 Salutem.

0 3406 75 3443 2566.

3 3445 68 3472 Ibid.

11 3486 38 3510 δ’.
59 3493 97 3511 m.

216 3394 314 3424 Sciatis
337 3390 417 3429 quod
441 3389 526 3426 Nos,
544 3388 580 3417 de
603 3386 701 3417 Gratia
725 3385 817 3415 nostra
845 3383 971 3425 speciali,
989 3393 1022 3413 ac
1039 3392 1073 3413 ex
1093 3390 1170 3413 certa

118 3431 242 3463 Sciemia
263 3432 296 3462 δε
312 3440 393 3461 mero
411 3428 498 3458 Motu
521 3426 640 3463 nostris,
657 3425 785 3455 dedimus
800 3425 832 3454 &
848 3423 1052 3460 conceiiimus,
1071 3433 1104 3452 ac
1122 3432 1169 3458 per

118 3470 286 3507 Praesentes,
304 3479 357 3508 pro
374 3467 470 3498 Nobis
483 3464 654 3496 Haeredibus
668 3461 921 3493 &Successoribiis
935 3460 1050 3497 nostris,
1069 3462 1170 3489 damus

116 3511 149 3541 &
171 3509 371 3546 concedimus,
388 3505 495 3536 dilecto
508 3503 647 3534 Servienti
662 3500 778 3538 nostro,
796 3500 912 3530 Roherto
937 3498 1071 3535 Balthorp
1087 3499 1170 3528 Prin-

116 3548 200 3588 cipali
214 3546 362 3584 Chirurgo
376 3543 493 3581 nostro,
508 3541 632 3580 Officium
651 3542 801 3569 Servientis
809 3538 998 3579 Chirurgqrum
1015 3536 1171 3576 nostrorum,

117 3586 316 3616 constituimus
333 3583 525 3614 ordinavimus
537 3582 570 3612 &
584 3579 719 3615 fecimus,
740 3587 773 3607 ac
794 3587 842 3613 per
858 3575 1010 3620 Praesente-s
1022 3575 1172 3618 constitui-

117 3634 180 3655 mus
198 3625 361 3653 ordinamus
375 3622 407 3652 &
431 3621 550 3650 facimus
572 3618 663 3654 ipsum
680 3615 825 3646 Robertum
841 3614 976 3651 Ba.¹thm·p
991 3615 1166 3643 Servienreni

116 3663 326 3700 Chirurgorum
364 3658 528 3690 nostrorum
557 3655 719 3687 Ham-edum
751 3654 786 3684 &
818 3652 1019 3683 Succefforum
1054 3651 1170 3682 nostro-

117 3710 180 3731 xum

154 3723 325 3768 Hibendum
344 3736 498 3767 tenendum
515 3731 695 3771 gaudendum
711 3730 745 3760 &
757 3729 962 3767 occupandum
985 3727 1096 3759 dietum
1114 3728 1171 3758 Of-

116 3773 214 3806 ficium
227 3776 376 3806 Servieutis
390 3773 601 3809 Cliirurgorum
615 3768 776 3800 Heredum
791 3769 824 3798 δε
842 3766 1042 3798 Succeisorum
1056 3766 1170 3796 nostro-

114 3823 195 3850 rum,
212 3813 326 3849 praefato
343 3812 457 3841 Roberto
466 3810 600 3848 Balthorp
617 3819 633 3838 a
649 3807 733 3838 Festo
747 3807 982 3836 Annunciationis
995 3805 1084 3835 Beata:
1100 3804 1168 3834 Mi-

114 3851 164 3880 riae
186 3850 305 3889 Virginis
326 3852 430 3881 ultimo
456 3850 597 3886 praeterito
624 3847 741 3877 durante
762 3843 830 3875 Vita
857 3844 902 3874 sua
928 3844 1069 3880 naturali,
1092 3852 1164 3886 cum

113 3889 250 3919 omnibus
272 3890 304 3917 &
326 3889 501 3918 omnimodis
521 3886 614 3916 Vadiis
635 3885 738 3915 Feodis
759 3882 900 3919 Regardis
922 3881 1166 3918 Allocationibus‚

115 3935 174 3957 tarn
189 3927 213 3956 le
230 3925 324 3963 Bouge
338 3927 364 3956 le
378 3926 484 3956 Courte
500 3924 624 3963 Hoi‘pii3i
640 3923 726 3953 nostri
736 3945 745 3960 ‚
764 3923 848 3959 quain
867 3921 934 3950 Vini
949 3920 1033 3950 Cerae
1047 3920 1080 3949 ὃς
1094 3919 1164 3948 alio-

113 3974 175 3995 rum
194 3964 387 4001 requisitorum
410 3973 463 3999 pro
477 3962 585 4000 Curis,
608 3963 642 3993 &
663 3963 718 3991 aliis
738 3959 872 3990 Proficuis
894 3957 1166 3989 Commoditaiibus

107 4002 332 4036 Praeemineiitiis
349 4001 632 4033 Aufflioritatibus&
647 3999 828 4039 Advantagiis
840 3995 909 4029 diet-i
924 3996 1028 4028 Officii
1043 3996 1161 4028 antehac

484 68 1396 130 CONVENTIONE82

1487 65 1926 119 LITERAE,

1194 156 1300 187 habens
1315 164 1462 194 occupans
1475 155 1532 187 five
1545 165 1698 188 excercens
1710 154 1808 186 habuit
1823 153 1868 186 seu
1881 158 2026 197 percepit,

1231 195 1269 225 Et
1283 194 1397 225 ulterius
1406 216 1414 227 ‚
1430 194 1466 225 de
1481 196 1607 226 uberiori
1613 194 1712 225 Gratia
1723 194 1817 224 nostra
1831 195 1963 232 praedieta
1972 219 1982 234 ‚
1996 195 2126 227 dedimus
2142 194 2174 227 δῖ
2188 202 2260 225 con-

1191 233 1342 271 cessimus,
1357 243 1391 264 ac
1406 242 1458 271 per
1472 233 1642 271 Praefentes,
1659 242 1712 271 pro
1726 231 1826 263 Nobis
1846 232 2017 266 Haeredibus
2033 237 2066 267 &
2081 233 2260 266 Successori-

1189 271 1242 301 bus
1257 271 1374 310 nostris,
1389 272 1488 303 damus
1503 274 1538 304 &
1560 272 1745 303 concedimus
1770 270 1890 309 praefato
1911 272 2029 302 Roberto
2050 273 2190 311 Balthorp
2206 272 2261 302 du—

1190 318 1270 354 rante
1286 309 1356 341 Vita
1370 310 1419 341 sua
1441 311 1597 349 praedidkfi,
1615 321 1670 350 pro
1690 309 1856 341 Excercitio
1882 309 1952 340 dieti
1976 311 2081 343 Officii
2103 312 2260 343 Servientis

1190 347 1406 385 Chirurgorurn
1432 350 1614 388 nostrorum,
1639 349 1783 389 quandam
1806 348 1993 380 Annuitatem
2021 351 2077 382 sive
2104 350 2257 382 annualem

1190 386 1351 431 Redditum
1372 387 1573 427 Quadraginta
1590 391 1752 419 marcarum
1767 388 1856 418 bonae
1878 388 1912 418 &
1932 387 2028 425 legalis
2050 389 2183 421 Monetae
2198 389 2262 420 An-

1191 426 1257 461 gliae
1272 447 1282 463 ,
1299 426 1465 457 iolvendam
1491 427 1585 458 eidem
1611 427 1727 457 Roberto
1749 426 1785 456 ad
1811 426 1973 464 Receptam
1997 427 2141 459 Scaccarii
2172 427 2261 458 nostri

1190 463 1319 495 Westm.
1337 464 1498 497 Haetedum
1513 467 1547 497 &
1560 465 1762 496 Succestorum
1779 464 1964 503 nostrorum,
1984 467 2019 496 de
2031 465 2178 497 Thesauro
2193 477 2261 497 nos·-

1192 502 1422 546 tronI-laetedum
1446 506 1480 535 &
1502 504 1707 536 Succefforum
1728 502 1913 541 nostrorum,
1943 514 1994 542 per
2013 503 2120 534 Manus
2137 505 2263 536 Thesau-

1193 551 1256 571 rarii
1276 541 1310 572 &
1339 540 1573 573 Camerariorum
1607 542 1770 573 nostrorum
1799 541 1963 573 Haeredum
1995 543 2028 573 &
2056 542 2262 574 Succefforum

1194 579 1364 624 nostrorum
1388 582 1497 612 ibidem
1534 592 1567 612 ro
1586 590 1719 618 tempore
1736 579 1940 623 existentium,
1958 592 1974 612 a
1990 582 2072 612 dieto
2099 581 2185 612 Festo
2200 582 2265 612 An-

1194 620 1382 663 nunciationis
1397 619 1491 651 Beatae
1551 621 1616 651 ariae
1630 620 1756 657 Virginis
1775 618 1882 650 ultimo
1905 621 2068 658 praeterito,
2084 619 2119 650 ad
2144 628 2263 658 quatuor

1193 657 1273 700 Anni
1286 656 1464 697 Termin033
1481 660 1630 698 videlicet,
1655 658 1690 688 ad
1716 656 1796 687 Festa
1818 657 1986 690 Nativitatis
2008 658 2106 690 saneti
2126 658 2266 697 johannis

1194 695 1342 739 Baptistae,
1362 696 1460 728 Sandti
1476 697 1629 729 Michaelis
1651 696 1842 734 Archangeli,
1869 696 1980 727 Natalis
2005 697 2130 728 Domini
2152 698 2185 728 ὃς
2202 696 2266 727 An-

1194 736 1383 766 nunciationis
1401 735 1492 767 Beatae
1509 736 1613 767 Mariae
1631 735 1756 774 Virginis
1771 743 1819 772 per
1835 736 1956 774 aequales
1973 735 2141 773 Portiones,
2159 736 2263 773 absque

1195 771 1350 817 Compoto
1371 774 1416 805 seu
1429 775 1484 806 alio
1502 775 1568 806 inde
1586 774 1684 808 Nobis
1698 772 1873 805 Haeredibus
1895 775 1942 806 vel
1963 774 2179 807 Succefforibus
2194 784 2261 805 nos-

1196 819 1245 842 tris
1262 812 1410 844 reddendo
1431 813 1568 845 solvendo
1583 814 1628 844 vel
1646 811 1797 850 faciendo3

1232 849 1280 880 Eo
1296 852 1377 894 quod
1401 851 1525 890 expressa
1548 850 1677 891 rn’entio,
1693 853 1757 884 &C-

1230 888 1266 919 In
1285 899 1366 927 cujus
1384 892 1441 929 rei,
1457 893 1519 922 ἃς.
1555 908 1560 911 »

1231 965 1324 997 Teste
1342 966 1457 1007 Regin&⁴
1468 967 1544 1006 apud
1563 966 1824 1009 IVestmonqslerium
1842 967 1960 999 decimo
1974 966 2034 998 Die
2051 967 2136 999 Maii.

1702 1048 1757 1076 Per
1772 1049 1867 1076 Breve
1881 1045 1914 1075 de
1929 1048 2051 1076 Privato
2065 1044 2164 1084 sigillo.

1553 1175 1581 1203 δὲ
1604 1178 1653 1209 De
1677 1175 1911 1220 Praefintatione.

1193 1260 1361 1315 REgina,
1377 1261 1439 1292 &a
1455 1260 1627 1292 Reverendo
1644 1261 1672 1291 in
1703 1260 1821 1292 Christo
1836 1260 1930 1300 Patri,
1946 1260 2081 1291 Domino
2104 1258 2270 1298 Willielmo,

1237 1339 1241 1344 ⁷
1262 1299 1456 1343 'Perniiffione
1481 1300 1610 1339 Divina,
1636 1298 1790 1340 cicestrensi
1813 1299 1940 1339 Epifiopo
1955 1323 1965 1339 ,
1992 1299 2086 1338 ejusve
2112 1302 2218 1329 Vitario
2238 1300 2268 1328 in

1192 1337 1389 1382 Spiritu-„ilibus
1407 1338 1561 1377 Generali,
1579 1349 1626 1370 aut
1643 1339 1688 1369 alii
1707 1340 1880 1377 cuicumque
1898 1338 2076 1370 Potestatem
2094 1347 2128 1369 ac
2153 1337 2267 1369 Audio-

1194 1385 1305 1407 ritatem
1328 1377 1499 1408 sufficientes
1515 1380 1544 1409 in
1560 1379 1614 1409 hac
1631 1386 1708 1416 parte
1729 1378 1846 1407 habenti
1885 1377 2020 1409 Salutem.

1233 1415 1280 1460 Ad
1306 1418 1444 1446 Vicariam
1463 1425 1619 1455 perpetuam
1649 1416 1681 1446 de
1712 1401 1958 1456 Brightheffmeston
1979 1415 2078 1447 vestrae
2108 1413 2269 1446 Cicestren.

1196 1454 1357 1494 Dioecesis,
1375 1454 1521 1491 legittimo
1536 1454 1626 1486 modo
1635 1455 1698 1493 jam
1713 1463 1884 1493 vacantem,
1903 1455 1936 1486 &
1950 1455 1985 1485 ad
2000 1454 2129 1484 nostram
2143 1453 2269 1485 Praesen-

1196 1494 1337 1524 tationem
1360 1494 1446 1531 pleno
1465 1494 1527 1532 jure
1546 1493 1722 1532 spectantem
1738 1517 1748 1532 ,
1778 1493 1915 1525 dile-etum
1937 1492 2037 1524 Nobis
2064 1493 2094 1523 in
2120 1491 2241 1524 Christo
2256 1517 2267 1533 ‚

1194 1532 1367 1571 Franciftum
1385 1536 1442 1563 Cim
1457 1533 1572 1564 Artium
1596 1532 1772 1564 Bacalarium
1788 1533 1872 1563 vobis
1893 1532 2106 1570 praesentamuS,

1232 1570 1378 1610 Rogantes
1393 1572 1426 1602 &
1449 1573 1639 1610 requirentes,
1658 1579 1794 1609 quatenus
1817 1570 1944 1602 eundem
1962 1569 2131 1609 Francifium
2152 1573 2210 1600 Cax
2230 1570 2268 1602 ad

1195 1608 1304 1640 distam
1319 1609 1465 1641 Vicariam
1489 1610 1525 1640 de
1541 1609 1802 1649 Brighthelmeston
1817 1610 1988 1648 admittere,
2007 1611 2099 1647 ipsum
2122 1619 2156 1639 ue
2180 1608 2267 1640 Vica-

1195 1649 1271 1678 rium
1287 1647 1413 1686 ejuidem
1424 1670 1433 1685 ,
1452 1656 1488 1678 ac
1508 1648 1543 1678 de
1557 1650 1590 1680 &
1606 1649 1635 1677 in
1650 1647 1751 1677 eadem
1774 1646 1917 1678 instituere
1940 1648 2084 1678 canonice
2151 1647 2268 1678 investi-

1196 1696 1241 1725 re,
1259 1696 1327 1717 cum
1348 1686 1400 1717 suis
1410 1686 1525 1725 Juribus
1547 1687 1580 1717 ὃ(
1599 1685 1780 1716 Pertinentiis
1795 1685 1946 1723 universis,
1963 1694 2121 1722 caeteraque
2134 1695 2268 1724 peragere

1195 1726 1229 1756 &
1248 1725 1417 1763 periniplere
1443 1735 1507 1763 quae
1528 1723 1623 1755 vestro
1648 1724 1677 1753 in
1695 1724 1748 1753 hac
1767 1733 1844 1761 parte
1865 1724 2038 1754 incumbunt
2055 1722 2187 1763 Officio,
2201 1725 2269 1763 dig-

1196 1765 1308 1794 nemini
1330 1763 1481 1794 Charitatis
1503 1764 1606 1794 intuitu
1625 1771 1695 1794 cum
1712 1762 1821 1792 favore.

1233 1801 1267 1832 In
1281 1803 1359 1841 cujus
1382 1804 1438 1841 rei,
1458 1802 1521 1833 &c.

1235 1878 1326 1910 Teste
1346 1878 1462 1919 Regina
1480 1879 1555 1918 apud
1572 1876 1834 1919 Westmonqsterium
1853 1877 1938 1910 xxvii.
1958 1876 2005 1908 die
2022 1875 2110 1908 Maii.

1693 1958 1748 1987 Per
1764 1959 1858 1986 Breve
1877 1954 1911 1985 de
1924 1956 2048 1985 Privato
2062 1951 2163 1992 Sigillo.

1189 2058 1361 2127 'Commi-'ffio
1373 2082 1513 2129 specialis
1537 2072 1589 2114 ads
1602 2080 1790 2115 audiendum
1812 2084 1849 2120 (ῤ’
1871 2080 2101 2116 terminandum
2127 2082 2266 2129 Offinfhs

1413 2132 1632 2178 quascumque,
1658 2131 1742 2177 infra
1765 2133 1897 2177 Virgam
1919 2131 2061 2178 Hospirii.

1262 2217 1286 2249 E
1308 2219 1367 2253 ina,

1199 2217 1255 2273 R
1287 2227 1419 2288 gmeffis
1437 2255 1470 2286 &
1487 2254 1631 2288 Fidelibus
1647 2250 1818 2287 Consiliariis
1831 2254 1950 2293 nostris,

1235 2296 1386 2329 lVillz'elmo
1408 2294 1565 2324 Marchiom‘
1578 2294 1839 2334 Northamptoniae,

1237 2340 1280 2367 W
1279 2334 1388 2365 illielmo
1403 2334 1666 2374 Con,-1't.··Penbroke,

1235 2374 1351 2405 Roberro
1368 2372 1466 2404 comiti
1481 2371 1654 2411 Leirestriae,

1236 2413 1383 2444 Edu-ardo
1396 2415 1492 2449 Rogers
1513 2410 1605 2441 Militi
1617 2411 1872 2442 Contrarotulatori
1896 2409 2024 2447 Hospitii
2041 2409 2127 2440 nostri
2133 2414 2145 2448 ,‘

1236 2453 1376 2490 Francisco
1391 2449 1507 2488 Krtollyr
1530 2449 1621 2479 Militi
1644 2449 1874 2479 Vicecamerario
1887 2447 2019 2479 Camerae
2040 2447 2160 2485 nostrae,

1237 2493 1280 2522 W
1280 2490 1388 2521 illielmo
1408 2487 1494 2518 Cecill
1510 2487 1598 2518 Militi
1613 2487 1765 2525 Principali
1781 2487 1939 2518 Secretario
1955 2485 2072 2524 nostro,

1239 2529 1277 2560 Et
1295 2528 1417 2560 Dilectis
1431 2528 1464 2557 o&
1487 2525 1628 2557 Fidelibus
1643 2525 1765 2563 nostris,

1235 2567 1365 2607 Jshanm‘
1382 2564 1533 2597 Sowthcots
1552 2575 1610 2596 uno
1629 2564 1854 2604 justiciariorurn
1868 2562 2034 2594 nostrorum
2050 2562 2084 2595 ad
2099 2562 2206 2595 Placita
2214 2567 2267 2596 coss

1201 2616 1260 2638 ram
1282 2606 1382 2636 Nobis
1398 2603 1540 2642 tenenda,

1235 2645 1359 2675 Gilberto
1382 2643 1504 2672 Gerarde
1520 2641 1679 2679 Armigero
1696 2640 1852 2672 Attornato
1871 2639 1972 2671 nostro
1987 2639 2142 2680 Generali,

1236 2684 1343 2714 Thomae
1355 2679 1482 2721 Sekforde
1497 2680 1653 2718 Armigero
1665 2679 1807 2719 Magistro
1816 2679 1914 2710 Curiae
1929 2679 2137 2717 Requestamm
2153 2680 2265 2713 nostra-⁷

1198 2733 1263 2753 rum

1236 2746 1343 2790 Th’omae
1361 2758 1472 2791 Weldon
1490 2757 1643 2797 Armigero
1659 2756 1823 2788 Cofferario
1838 2756 1937 2787 nostro
1952 2755 2079 2794 Hospitii
2095 2755 2202 2797 nostri,

1237 2799 1388 2831 willielmo
1406 2795 1528 2833 Rofwell
1542 2797 1697 2835 Armigero
1714 2795 1889 2826 Sollicitario
1911 2794 2010 2825 nostro
2035 2794 2189 2833 Generali,

1237 2838 1352 2869 Roberto
1369 2836 1484 2867 Nowell
1502 2835 1661 2872 Armigero
1676 2834 1831 2865 Attornato
1850 2832 1950 2864 Curiae
1970 2832 2071 2864 nostrae
2086 2833 2264 2866 Wardorutn

1200 2878 1233 2908 &
1256 2877 1494 2910 Liberationurn,

1236 2915 1371 2946 Richardo
1394 2913 1506 2953 Onstow
1531 2911 1685 2951 Armigero
1712 2910 1901 2944 Recordatori
1922 2909 2055 2942 Civitatis
2079 2909 2268 2951 Londoniae,

1238 2954 1374 2985 Richardo
1390 2953 1507 2990 Wade,

1237 2993 1368 3031 Jolsanni
1381 2992 1513 3028 SkEnner,

1238 3032 1346 3061 Thomae
1369 3029 1491 3067 Bromley
1502 3051 1512 3066 ‚

1238 3070 1275 3100 Et
1292 3070 1407 3100 Roberto
1421 3067 1546 3107 chidlffi

1241 3109 1416 3148 Armigeris,

1239 3147 1371 3178 Salutem.

1242 3186 1341 3216 Sciatis
1362 3183 1442 3224 quod
1466 3182 1552 3219 Nos,
1576 3181 1612 3211 de
1633 3180 1830 3212 Fidelitatibus
1848 3180 1997 3212 Industriis
2018 3180 2209 3213 Providentiis
2230 3183 2265 3214 δε

1205 3223 1520 3262 Circumlpeiiioiiibus
1541 3219 1639 3250 vestris
1658 3221 1816 3258 plurimum
1845 3219 2042 3258 confidentes,
2067 3219 2267 3260 assignavimus

1205 3273 1258 3292 vos
1272 3262 1493 3300 septemdecim,
1510 3259 1670 3297 sexdecim,
1692 3258 1874 3298 quindecim,
1900 3259 2139 3298 quatuordecim,
2164 3259 2267 3290 tresde-

1205 3302 1284 3338 cim,
1301 3301 1472 3338 duodecim,
1489 3299 1608 3336 decem,
1625 3307 1750 3335 novem,
1768 3297 1840 3328 octo
1857 3319 1866 3334 ,
1890 3297 1995 3339 septem
2010 3320 2019 3335 ,
2046 3297 2105 3334 sex,
2122 3299 2264 3337 quinque,

1205 3348 1324 3377 quatuor
1340 3340 1384 3369 vel
1402 3347 1454 3368 tres
1469 3336 1598 3368 vestrum
1616 3339 1752 3373 (quorum
1767 3345 1819 3366 vos
1838 3337 1967 3372 praefatos
1987 3335 2164 3366 willielmum
2178 3339 2264 3366 Mar-

1203 3378 1320 3408 chionem
1335 3377 1591 3414 Northamptoniae,
1609 3373 1781 3404 willielmum
1804 3377 1931 3404 Comitem
1945 3374 2100 3412 Penbroh,
2117 3375 2265 3405 Robertum

1203 3420 1329 3446 Comitem
1344 3415 1470 3454 Leiccstr.
1495 3414 1668 3443 Edwardum
1686 3416 1800 3451 Rogers,
1818 3412 1986 3452 Franctfium
2010 3413 2133 3452 Knollis,
2149 3412 2266 3443 Wlliel-

1204 3467 1275 3484 mum
1296 3455 1378 3485 Cecill
1389 3477 1398 3491 ,
1420 3452 1580 3492 Johannem
1604 3451 1760 3488 summota»,
1785 3450 1938 3481 Gilbertum
1967 3452 2089 3482 Gerarde
2102 3475 2113 3490 ‚
2136 3450 2265 3480 Thon-am

1203 3493 1331 3531 Sekfhrd,
1349 3492 1513 3523 Richardum
1530 3489 1660 3530 Onflow,
1677 3489 1844 3520 Richardum
1873 3489 1990 3528 Wnrde,
2008 3490 2167 3528 Johannem
2181 3488 2266 3527 Skin-

1203 3543 1267 3570 ner,
1283 3532 1333 3561 Thi
1341 3542 1411 3561 mam
1436 3528 1578 3569 Bromlry,
1596 3530 1630 3560 δε
1656 3529 1802 3559 Robcrtum
1823 3527 1930 3568 chidley
1952 3537 2043 3559 unum
2064 3528 2187 3557 omnino
2208 3526 2266 3557 esse

1204 3571 1353 3605 volumus)
1379 3568 1555 3608 Justiclai‘ios
1574 3567 1684 3597 nostros
1699 3590 1708 3604 ,
1736 3567 1770 3597 ad
1799 3566 1997 3605 inquirendum
2018 3566 2054 3595 de
2074 3565 2209 3596 omnibus
2231 3565 2264 3594 ὃς

1202 3609 1380 3638 omnimodis
1402 3607 1622 3641 >proditionibus
1649 3606 1772 3636 ‚Fclonii's
1791 3605 1952 3636 Murdredis
1974 3604 2072 3634 Riotis
2091 3603 2211 3639 Routis,
2228 3604 2263 3634 <Sc

1201 3648 1259 3677 aliis
1281 3646 1439 3678 Matefaffls
1458 3647 1491 3676 &
1511 3645 1636 3675 Offenfis
1654 3645 1878 3682 quibuscumque
1894 3666 1903 3681 ,
1930 3651 1989 3673 tam
2007 3642 2077 3671 infra
2094 3639 2262 3676 Hospitium

1205 3685 1334 3716 nostruin
1351 3685 1435 3724 quam
1451 3684 1517 3714 alibi
1534 3684 1607 3713 infra
1626 3681 1762 3722 virgam,
1779 3683 1875 3718 fastis,
1895 3691 1944 3719 per
1962 3681 2177 3710 Sacramentum
2192 3689 2262 3717 pro-

1203 3724 1307 3754 borum
1331 3722 1527 3759 &·legalium
1555 3721 1719 3751 Hominum
1744 3721 1779 3751 de
1803 3721 1930 3758 quolibet
1957 3718 2107 3748 Comitatu
2137 3718 2171 3748 ὃς
2199 3718 2263 3748 Lo-

1202 3773 1240 3791 co
1263 3762 1333 3792 infra
1350 3761 1473 3799 virgam
1494 3760 1662 3798 praedictam
1678 3782 1687 3797 ‚
1713 3769 1762 3796 pei·
1783 3768 1855 3798 quos
1877 3757 1935 3788 Rei
1957 3755 2055 3787 veritas
2076 3755 2178 3786 melius
2200 3758 2264 3787 sciri

1223 3810 1303 3831 O'Issslt

1203 3810 1221 3837 p
1237 3839 1284 3869 Ac
1300 3823 1385 3869 e³tiam
1399 3838 1573 3876 justiciarios
1592 3836 1720 3871 nostros,
1738 3835 1771 3865 ad
1794 3832 1967 3864 audiendum
1989 3831 2023 3861 &
2046 3832 2259 3864 terminandum

1199 3878 1296 3907 omnia
1315 3878 1348 3908 8:
1369 3876 1473 3915 singula
1497 3876 1632 3913 praedicta
1655 3873 1832 3904 Proditiones
1855 3870 1983 3900 Felonias
2007 3870 2160 3900 Murdredi
2184 3871 2258 3902 Rio-

1198 3923 1254 3953 tas,
1274 3925 1308 3946 ac
1323 3924 1422 3945 caetera
1444 3913 1612 3949 Praemiffii,
1634 3922 1751 3943 necnon
1769 3910 1866 3940 omnia
1887 3907 1919 3937 &
1943 3909 2114 3950 omni-noda
2133 3909 2257 3941 indicta-

1197 3963 1292 3984 menta
1309 3954 1559 3992 Appellationes&
1576 3951 1680 3982 Placita
1695 3949 1821 3979 Coronae
1829 3968 1843 3989 ,Ι
1857 3946 1928 3976 infra
1942 3945 2109 3983 Hospitium
2125 3947 2257 3978 nostrum

1195 3992 1385 4030 piaedifitum,
1403 4002 1436 4023 ac
1453 3999 1529 4022 extra
1547 3989 1620 4021 infra
1635 3989 1751 4026 virgam
1771 3985 1816 4017 seu
1837 3995 1867 4015 in
1882 3995 1982 4017 eorum
2002 3986 2098 4026 aliquo
2105 3995 2255 4029 emergen-

2219 4031 2257 4058 Ua

2282 143 2358 176 Ann.
2374 142 2416 175 D.

2303 181 2389 221 1566.

2282 222 2308 251 8.
2320 223 2389 251 Elia.

2281 265 2339 299 Reg.

2291 1160 2310 1181 *¹
2327 1162 2396 1193 XV.

2314 1204 2380 1230 660.

2289 1239 2357 1270 Arm
2376 1240 2418 1270 D.

2318 1280 2403 1316 1566.

2289 1322 2345 1345 Pit.
2372 1319 2402 1346 8.

2291 1356 2359 1384 eliz.
2389 1364 2418 1394 p.

2291 1394 2420 1431 8.m.²5.

2289 2230 2368 2264 Atin.
2378 2232 2418 2264 D.

2283 2357 2321 2378 m.
2330 2359 2344 2377 2
2351 2358 2362 2376 Ι
2367 2332 2388 2377 .-

2285 2387 2340 2417 dor.
