2542 4274
793 146 912 190 ET
997 149 1264 192 ACTA

116 223 185 255 ᾹΠΠ
210 225 249 257 D·
273 233 309 263 tia
331 233 506 264 continentia
530 234 675 270 tangentia
695 233 768 264 facta
799 235 926 266 facienda
947 244 1104 276 perpetrata
1125 236 1172 267 seu
1196 234 1216 255 ἢ*
1233 242 1334 274 perpe⁴

145 266 229 299 1566.

117 302 133 327 8
149 304 217 330 Eliz.

153 344 210 376 Reg.

133 375 154 392 ⁸
163 381 230 408 XV.

140 416 207 447 661,

97 2131 176 2164 Ann.
190 2131 230 2162 D.

118 2172 202 2210 1566.

52 2231 55 2234 .
96 2213 154 2237 Par.
186 2209 213 2238 8.

93 2249 154 2275 1522
169 2256 232 2284 p.9.

94 2296 134 2314 m.
155 2287 199 2324 38.

111 3126 132 3145 *
141 3128 208 3158 XV,

119 3164 188 3193 662.

271 278 385 311 nanda,
412 272 563 302 secundum
590 273 695 312 Legem
719 275 752 304 ὃς
776 272 1019 306 Consuetudinem
1042 275 1141 312 Regni
1163 272 1257 304 nostrii
1274 273 1335 302 An-

272 311 360 347 gliie,
384 319 417 340 ac
442 310 687 341 Consuetudinem
710 311 811 342 Gaolae
841 313 946 344 nostrae
981 313 1176 345 Marescalciae
1205 310 1333 349 Hospitii

271 348 358 378 nostri
379 347 505 384 praedicti
521 348 756 381 Deliberandum.

308 386 345 416 Et
361 386 427 416 ideo
447 389 530 417 vobis
548 387 740 427 Mandamus‚
759 389 838 427 quod
856 389 889 420 ad
905 399 997 421 certos
1011 390 1084 420 Dies
1098 392 1131 422 &
1148 390 1246 426 Loca,
1259 396 1332 427 quos

270 435 340 462 vos,
359 425 525 462 quindecim
555 427 748 464 quatordecim
770 428 917 458 tresdecim
941 428 1098 460 duodecim
1120 429 1255 459 undecim
1279 426 1328 456 de-

269 473 336 493 cem
358 472 463 493 novem
485 464 556 495 οᾶὶο
580 466 685 502 septem
709 466 752 496 sex
771 468 893 505 quinque
913 475 1031 505 quatuor
1054 467 1099 497 vel
1122 476 1176 497 tres
1198 463 1329 497 vestrum

270 503 280 538 (
292 511 413 539 quorum
437 513 488 532 vos
509 503 636 540 praefatos
661 504 844 534 Marchionem
867 505 985 535 Northt.
1003 504 1180 535 Wille'elmum
1202 507 1329 534 Comitem

268 539 424 578 Penkrffe,
444 541 589 571 vavrtum
609 546 739 572 Comitem
758 546 829 572 Let'c.
848 544 1021 573 Edwardum
1035 547 1144 581 Rogers,
1158 541 1328 581 Franctscum

268 577 394 615 Knollis‚
414 579 589 609 Wilsielnuvn
604 581 701 618 Cefill,
724 580 883 618 Jahannem
900 582 1040 612 Southcote
1053 604 1063 620 ,
1082 582 1235 611 Gilbertum
1256 584 1327 610 Ger-

266 616 365 654 rara'e‚
383 617 511 647 Thomam
535 617 677 658 bedford,
697 619 860 649 Richardum
881 620 1024 659 Onslawe,
1048 620 1214 649 Richardum
1240 621 1322 649 War-

268 657 301 685 de
315 679 325 693 ‚
344 655 503 693 Johannem
528 658 649 696 Skynner
664 680 674 695 ‚
689 658 818 688 Thomam
841 660 964 699 Bromley
987 661 1021 690 δε
1049 658 1196 688 Robertum
1217 656 1324 695 chidley

265 703 356 724 unum
376 696 496 725 omnino
509 696 564 726 elie
582 696 734 732 volumus)
756 697 869 735 quando
891 699 925 729 ὃς
949 698 998 728 ubi
1016 698 1051 727 ad
1072 698 1129 727 hoc
1146 696 1325 736 provideritis

264 732 322 763 five
342 732 486 772 duxeritis,
505 733 656 771 diligenter
669 734 775 765 faciatis
788 735 992 773 inquisitiones,
1009 736 1041 766 &
1058 735 1207 765 praemissa
1225 735 1322 764 omnia

265 771 299 801 &
322 772 425 809 fingula
449 771 564 803 audiatis
588 774 621 803 &
646 775 800 804 terminetis
818 797 827 811 ,
853 784 885 804 ac
913 785 946 804 ea
965 774 1071 804 faciatis
1099 776 1132 806 &
1154 773 1282 811 expleatis
1296 774 1325 802 in

261 809 357 840 forma
377 810 530 848 praedicta,
548 811 670 841 faifturos
692 812 769 850 quod
788 812 823 841 ad
843 812 1019 849 Justiciarios
1058 813 1176 849 enimet,
1203 820 1262 842 tam
1283 811 1324 841 se-

263 848 393 877 cundum
418 848 530 885 Legem
554 850 588 879 &
609 849 854 880 Consuetudinem
880 850 974 890 Regni
997 854 1047 880 nol
1064 852 1086 880 ri
1109 850 1221 889 Angliae
1237 859 1324 888 quam

263 886 513 917 Consuetudinem
529 886 631 917 Gaolte
648 888 839 919 Marescalciae
857 888 985 927 Hospitii
1000 889 1087 918 nostri

302 923 473 954 Mandantes
494 934 588 955 autem
611 927 731 957 Tenore
754 926 934 958 praesentium
948 951 957 965 ,
976 936 1035 957 tarn
1061 911 1229 957 Nsarescallo
1254 926 1323 957 Ma-

261 961 401 992 rescalciae
419 962 544 1000 Hospitii
570 965 657 994 nostri
669 965 815 1004 praediffl,
832 967 918 1004 quam
939 966 1073 996 omnibus
1091 965 1323 996 Vicecomitibus

260 999 372 1030 Ballivis
394 1002 428 1032 &
450 1002 507 1032 aliis
527 1001 667 1033 Ministris
681 1004 800 1041 nostris,
818 1014 876 1034 tarn
900 1005 972 1035 infra
997 1004 1113 1044 Virgam
1129 1006 1214 1043 quam
1229 1012 1323 1043 extra,

261 1039 296 1069 &
312 1049 414 1069 eorum
428 1040 560 1078 cuilibet,
579 1042 657 1080 quod
676 1044 771 1073 venire
796 1043 902 1073 faciant
927 1053 1025 1074 coram
1044 1043 1128 1073 vobis
1147 1043 1191 1073 vel
1215 1042 1324 1073 Tribus

260 1076 389 1108 vestrum
408 1079 543 1117 (quorum
557 1090 608 1110 vos
630 1081 758 1118 praefatos
780 1081 932 1111 Marchion.
954 1081 1073 1111 Northt.
1090 1081 1265 1111 Willielmum
1273 1085 1324 1111 Co-

262 1120 354 1145 mitem
370 1118 515 1148 Pembroke
533 1141 542 1156 ,
570 1120 715 1148 Robertum
739 1123 867 1149 Comitem
890 1119 964 1150 Lesa.
1000 1120 1171 1149 Edwardum
1200 1123 1299 1157 Rogers
1313 1144 1323 1159 2

261 1156 428 1192 Francisc'um
444 1156 563 1194 Knollis,
584 1157 759 1188 Willielmum
781 1158 869 1196 Cecill,
887 1159 1049 1198 Johannem
1064 1158 1245 1196 Sowhtcoote,
1262 1158 1324 1188 Gil-

261 1194 367 1222 bertum
383 1196 506 1225 Gerarde
518 1219 526 1231 ‚
544 1196 675 1226 &rhomam
695 1195 835 1235 Seckfard,
855 1198 1020 1228 Richardum
1045 1196 1171 1236 Onslowe
1182 1219 1190 1234 7
1207 1197 1324 1226 Richar-

260 1232 324 1261 dum
343 1233 461 1271 tunde,
479 1234 639 1272 Johannem
655 1233 789 1273 Skirnne'r,
814 1235 942 1266 Thomam
968 1235 1106 1275 Bromlay,
1125 1234 1163 1269 (ῤ’
1177 1235 1323 1265 Robertum

259 1271 384 1309 camier,
401 1282 491 1302 unum
508 1276 631 1303 omnino
651 1274 706 1305 effe
728 1275 877 1311 volumus)
898 1284 941 1305 tot
963 1276 994 1305 &
1016 1275 1080 1305 tales
1099 1275 1206 1313 probos
1230 1276 1262 1305 ὃς
1283 1275 1323 1304 le-

257 1310 331 1346 gales
348 1310 492 1341 Hominsss
514 1315 550 1341 de
564 1312 673 1343 Ballivis
695 1312 761 1351 suis,
788 1322 846 1343 tam
868 1314 938 1344 infra
964 1314 1117 1343 libertates
1131 1313 1214 1351 quam
1231 1322 1322 1352 extra,

257 1349 331 1392 infra
349 1350 485 1387 Virgam,
506 1360 553 1387 per
578 1361 648 1390 quos
669 1351 779 1382 Rerum
795 1353 896 1383 veritas
910 1352 1013 1382 melius
1032 1352 1095 1381 sciri
1109 1352 1215 1388 poterit
1229 1354 1262 1382 δε
1278 1353 1322 1382 in-

259 1397 333 1425 quiri
349 1399 358 1426 3

298 1425 472 1461 Mandamus
498 1427 608 1464 insuper
632 1427 763 1459 universis
781 1430 815 1460 &
838 1428 953 1466 singulis
977 1428 1151 1467 Proceribus
1184 1428 1322 1458 Dominis

258 1463 402 1495 Militibus
418 1465 576 1504 Majoribus
595 1466 761 1503 Justiciariis
780 1467 1010 1498 vicecomitibus
1037 1468 1146 1498 Ballivis
1162 1467 1323 1497 Senescallis

258 1502 497 1542 Constabulariis>
513 1505 674 1542 caeterisque
690 1505 844 1535 Officianis
863 1506 998 1536 Ministris
1013 1517 1047 1537 ac
1062 1507 1086 1537 F
1087 1506 1204 1536 idelibus
1221 1504 1324 1535 nostris

255 1541 484 1580 quibuscumque
499 1564 508 1577 ,
530 1543 610 1581 quod
632 1545 716 1574 vobis
744 1546 777 1575 ὃς
799 1546 914 1576 cuilibet
937 1545 1062 1575 vestrum
1086 1547 1115 1575 in
1146 1544 1322 1574 Executione

256 1578 474 1612 Praemifforum
498 1579 681 1612 Intendentes
697 1583 833 1613 Faventes
854 1585 888 1615 δε
909 1583 1082 1614 Auxiliantes
1100 1582 1152 1613 sint
1167 1583 1268 1620 pariter
1289 1583 1322 1614 &

257 1617 434 1650 Obedientes
454 1620 485 1650 in
507 1621 644 1651 omnibus
663 1630 747 1659 prout
765 1621 856 1652 decet.

291 1695 326 1726 In
345 1697 425 1735 cujus
443 1697 485 1727 rei
504 1696 701 1728 testimonium
717 1697 765 1727 has
790 1697 898 1727 Literas
920 1695 1027 1727 nostras
1050 1697 1110 1727 fieri
1133 1697 1254 1728 fecimus
1267 1698 1322 1729 Pa-

256 1741 353 1765 tentes.

289 1808 381 1841 Teste
399 1810 514 1850 Regina⁴
530 1810 604 1849 apud
625 1810 882 1851 Westmonasterium
899 1811 1073 1843 duodecimo
1090 1812 1150 1843 Die
1161 1812 1249 1850 Junii.

894 1891 948 1919 Per
959 1888 1045 1928 ipJZim
1063 1892 1203 1926 Reginam.

396 2039 555 2085 Restitutio
577 2040 798 2086 Temporalium
812 2051 867 2087 pro
888 2040 1024 2086 Epiftopo
1042 2039 1188 2073 Dunolm.

327 2124 444 2163 Egina,v
455 2124 599 2156 Escactori
620 2126 669 2156 suo
685 2127 713 2155 in
735 2124 884 2156 Comitatu
902 2124 1033 2155 Eborum
1044 2148 1053 2163 ,
1068 2124 1202 2155 Salutem.

358 2164 442 2194 Cum
458 2174 574 2195 vacante
602 2174 691 2202 nuper
716 2163 885 2202 Episcopatu
906 2163 1117 2202 Dunolmenfi,
1143 2173 1192 2201 per
1212 2162 1316 2201 Depri-

254 2204 399 2232 vationem
416 2202 560 2232 cuthberti
580 2202 670 2232 ultimi
691 2204 811 2242 Eptfiopi
831 2203 941 2240 ibidem,
961 2205 1085 2232 Decanus
1101 2199 1139 2236 ὅ]
1163 2202 1316 2239 Capitulum

256 2239 388 2271 Ecclesiae
409 2241 584 2271 Catbedralis
608 2241 749 2272 Dunolm.
776 2242 919 2279 praedictae
938 2240 1087 2277 (Licentia
1110 2240 1204 2271 nostra
1228 2240 1316 2277 petita⁴

255 2280 357 2317 pariter
370 2281 402 2310 δε
419 2280 553 2317 obtenti)
571 2279 708 2311 dileffmm
723 2281 807 2311 nobis
823 2281 853 2310 in
877 2279 1015 2317 Christo,
1033 2279 1168 2317 Jacobum
1180 2279 1315 2318 Pylkyng-

253 2324 301 2346 ton
321 2318 416 2350 Sacrae
430 2318 605 2358 Theologiae
620 2318 832 2350 Baeculaurium
847 2320 877 2349 in
892 2328 995 2350 eorum
1008 2317 1184 2356 Episcopum
1201 2319 1235 2349 &
1251 2319 1316 2350 Pas-

252 2363 347 2387 torem
363 2359 525 2396 elegerunt,

292 2396 351 2426 Cui
392 2397 510 2436 quidem
549 2395 696 2427 Electioni
737 2397 771 2428 &
811 2395 943 2427 Persona:
971 2395 1009 2426 sic
1045 2395 1144 2425 ele&ae
1158 2418 1169 2433 ‚
1204 2397 1315 2435 regium

249 2434 379 2466 nostrum
410 2435 557 2466 Affensum
581 2435 763 2465 adhibuimus
790 2435 824 2465 ὃς
850 2435 1009 2472 Favorern,
1045 2433 1181 2472 ipsiusque
1209 2434 1316 2466 Fideli-

249 2482 357 2510 tatem,
382 2473 482 2504 Nobis
505 2473 632 2503 debitam
658 2483 710 2510 pro
737 2472 818 2503 dieto
841 2472 1014 2510 Episcopatu
1032 2495 1042 2510 ‚
1067 2475 1227 2510 recepimus
1242 2497 1252 2512 ‚
1280 2485 1314 2504 ac

249 2511 435 2549 Temporalia
453 2511 575 2549 ejusdem
586 2511 774 2550 Episcopatus
792 2511 932 2549 (exceptis
947 2510 1082 2541 Manerio
1096 2511 1152 2541 sive
1169 2511 1315 2543 Dominio

249 2546 287 2580 de
306 2550 442 2581 Norbam
458 2551 492 2581 &
511 2549 723 2581 Norbamlhire
743 2558 811 2582 cum
833 2549 884 2579 suis
896 2549 1011 2587 Juribus
1031 2549 1173 2580 Membris
1197 2553 1230 2582 &
1247 2551 1315 2582 Per-

251 2590 376 2619 tinentiis
396 2590 427 2618 in
442 2587 591 2619 Comitatu
612 2588 764 2619 Palantino
787 2587 930 2618 Dunolm.
947 2597 980 2618 ac
997 2589 1082 2619 etiam
1103 2587 1240 2619 Maneriis
1259 2591 1315 2621 live

249 2626 402 2658 Dominiis
419 2626 456 2656 de
476 2626 622 2665 Sadbargh
643 2626 822 2664 Midlebam,
842 2626 995 2663 Effington
1011 2626 1141 2665 Warde,
1159 2626 1313 2665 Effington

250 2665 438 2701 coronator,
461 2664 574 2694 Cotton
596 2664 732 2694 Monvile
752 2666 785 2696 &
805 2664 961 2696 Gatteshed
987 2665 1015 2694 in
1037 2665 1139 2696 eodem
1162 2665 1312 2698 Comitatu

249 2704 401 2735 Palantino
426 2702 571 2733 Dunolm.
598 2713 669 2734 cum
691 2703 742 2733 suis
762 2703 878 2741 Juribus
901 2702 1044 2734 Membris
1067 2704 1100 2734 &
1121 2704 1314 2744 Pertinentiis‚

249 2753 283 2774 ac
300 2743 384 2774 etiam
402 2742 538 2772 Maneriis
557 2741 611 2771 sive
627 2741 775 2771 Dominiis
790 2741 825 2772 de
841 2741 1012 2773 Allerton&
1028 2742 1228 2774 Allertonssiire
1245 2754 1313 2774 cum

250 2783 303 2812 suis
319 2781 430 2820 juribus
448 2780 593 2810 Membris
608 2780 640 2810 ὃ(
664 2779 858 2817 Pertinentiis,
875 2780 909 2811 δε
935 2780 1070 2810 Manerio
1090 2781 1146 2811 sive
1166 2782 1312 2813 Dominio

248 2822 284 2851 de
303 2821 400 2851 Creke
421 2829 490 2850 cum
506 2819 556 2849 suis
567 2818 680 2857 juribus
701 2817 844 2848 Membris
859 2818 892 2848 ὃς
907 2818 1087 2849 Pertinentiis
1110 2820 1140 2848 in
1158 2819 1311 2852 Comitatu

249 2858 348 2889 nostro
369 2859 500 2889 Eborum
514 2880 523 2896 ,
552 2867 585 2888 ac
604 2858 690 2888 etiam
714 2857 847 2887 omnibus
865 2856 1019 2894 Mesiiagiis
1037 2857 1186 2888 Domibus
1205 2858 1313 2889 AEdifi-

249 2899 300 2929 ciis
322 2897 500 2928 Molendinis
524 2896 622 2926 Terris
652 2895 740 2926 Pratis
766 2896 877 2927 Pascuis
896 2895 1018 2926 Pasturis
1046 2895 1201 2926 Comuniis
1221 2897 1314 2928 Boscis

248 2936 403 2968 Subboscis
425 2936 514 2976 Aquis
532 2934 659 2965 Piscariis
679 2935 775 2965 Parcis
802 2934 969 2965 MVarrennis
995 2933 1117 2965 Cbaceis
1142 2934 1312 2967 Redditibus

249 2975 393 3014 Servitiis,
411 2974 512 3005 Feodis
534 2973 685 3012 Militum,
704 2972 821 3004 Wardis
850 2972 1009 3011 Maritagiis
1029 2973 1152 3004 Escaetis
1174 2973 1311 3006 Advoca-

248 3014 391 3052 tionibus‚
419 3012 532 3048 juribus
553 3012 760 3043 Patronatuum
780 3011 989 3050 Ecclefiarum,
1012 3012 1160 3043 Nundinis
1179 3013 1311 3044 Tolnetis

249 3052 388 3083 Mercatis
405 3050 572 3082 Theoloniis
586 3050 732 3082 Custumis
758 3050 929 3081 Franchesiis
949 3051 1141 3082 Libertatibus
1157 3051 1311 3091 privilegiis

249 3089 385 3121 Proficuis
404 3089 672 3120 Commoditatibus
693 3089 906 3120 Emolumentis
927 3089 960 3120 ὃς
981 3088 1230 3120 Haereditamentis
1248 3092 1311 3130 qui-

249 3129 426 3167 buscumque
443 3138 515 3159 cum
540 3127 738 3167 pertinentiis,
766 3128 969 3166 cujuscumque
995 3128 1014 3147 ²*
1035 3128 1087 3159 sint
1102 3129 1213 3166 generis
1229 3137 1309 3159 natu-

249 3178 288 3198 rae
311 3168 357 3198 vel
379 3167 502 3205 speciei,
531 3167 615 3197 dietis
644 3166 782 3197 Maneriis
806 3167 861 3197 sive
882 3166 1034 3197 Dominiis
1058 3166 1095 3197 de
1116 3167 1252 3198 Norbam
1274 3169 1308 3199 &

247 3205 463 3237 Norbamfhire
478 3207 507 3235 in
521 3204 600 3234 dieto
616 3204 770 3236 Comitatu
784 3205 930 3235 Palantino
948 3205 1091 3236 Dunolm.
1111 3205 1309 3237 Maneriissive

248 3244 401 3275 Dominiis
416 3245 451 3274 de
469 3243 614 3282 Sadbargb
634 3242 802 3282 Mydleham
813 3267 823 3282 ‚
841 3242 989 3282 Effington
1010 3243 1119 3274 Warde
1132 3267 1141 3282 ,
1159 3243 1308 3283 Effington

249 3283 413 3315 Coton-ator
460 3281 571 3313 Cotton
593 3281 736 3319 Monvyle
764 3282 797 3312 &
819 3280 964 3313 Gateshed
983 3282 1011 3311 in
1033 3282 1137 3312 eodem
1157 3281 1309 3314 Comitatu

249 3320 399 3353 Palantino
415 3306 548 3352 Dunoltn
575 3330 608 3350 ac
624 3320 708 3350 dietis
726 3318 861 3349 Maneriis
875 3320 932 3350 sive
956 3319 1103 3350 Dominiis
1123 3320 1159 3351 de
1178 3321 1308 3352 Allerton

249 3362 282 3391 &
304 3360 505 3391 Allertonshire
524 3359 557 3390 δε
578 3358 674 3389 Creke
696 3360 727 3389 in
754 3358 836 3389 dieto
856 3357 1009 3389 Comitatu
1040 3360 1138 3389 nostro
1161 3359 1308 3399 Eborum‚

248 3399 441 3439 quovismodo
462 3398 653 3435 speetantibus
668 3398 725 3428 sive
749 3398 970 3435 pertinentibus,
989 3406 1035 3427 aut
1049 3406 1080 3429 ut
1093 3397 1185 3427 Partes
1206 3397 1307 3429 Mern-

249 3438 299 3469 bra
317 3439 372 3469 sive
392 3436 528 3468 Parcellas
540 3436 688 3467 dictorum
706 3436 916 3466 Dominiorum
936 3435 992 3465 five
1010 3435 1211 3467 Maneriorum
1227 3437 1308 3468 habi-

251 3478 284 3508 tis
299 3477 419 3517 cognitis
437 3475 560 3512 acceptis
569 3475 670 3505 usitatis
691 3474 736 3505 seu
752 3475 884 3512 reputatis
899 3473 1095 3513 existentibus,
1113 3484 1228 3505 necnon
1242 3486 1308 3506 om-

249 3517 334 3547 nibus
355 3515 449 3546 Terris
469 3513 657 3544 Tenementis
683 3514 717 3545 &
749 3513 999 3544 Haereditamentis
1016 3513 1173 3551 jacentibus
1194 3514 1227 3544 &
1251 3516 1309 3544 exi-

249 3554 386 3585 stentibus
414 3555 443 3583 in
474 3551 553 3582 Villis
574 3550 723 3582 Parochiis
753 3552 809 3582 sive
832 3551 1002 3583 Hamelettis
1022 3551 1059 3582 de
1084 3551 1217 3582 Norham
1239 3553 1308 3585 Sad-

250 3593 360 3632 borghe
386 3590 555 3633 Mydleham
569 3613 579 3628 ,
612 3589 759 3629 Effington
779 3589 891 3620 W’arde
904 3612 914 3628 ‚
941 3589 1091 3629 Effington
1126 3589 1309 3631 coronator,

251 3631 365 3662 Cotton
383 3630 543 3670 Monvyle,
561 3629 723 3666 Gateshed,
740 3629 869 3660 Allerton
885 3630 919 3660 &
933 3628 1029 3659 Creke
1050 3630 1078 3658 in
1097 3629 1236 3667 praedisto
1248 3631 1310 3661 Co-

252 3672 350 3701 mit-atu
373 3669 516 3700 Palantino
540 3667 678 3698 Dunolm.
707 3667 741 3698 δε
762 3668 792 3696 in
821 3666 970 3697 Comitatu
994 3666 1093 3697 nostro
1117 3667 1247 3709 Eborum
1265 3693 1274 3707 ‚
1294 3671 1311 3701 a,

250 3708 338 3739 Festo
356 3709 452 3740 Sancti
471 3706 623 3738 Michaelis
638 3705 830 3744 Archangeli,
849 3707 937 3736 Anno
952 3704 1050 3743 Regni
1067 3706 1158 3736 nostri
1175 3708 1312 3746 lecund03

253 3746 340 3784 usque
359 3747 637 3785 quintumdecimum
662 3744 748 3785 Diem
774 3743 897 3782 Martii,
924 3744 1010 3775 Anno
1034 3744 1131 3783 Regni
1144 3745 1232 3775 nostri
1255 3756 1312 3777 ter-

255 3786 298 3815 tio
338 3786 568 3822 provenientibus
584 3784 638 3814 five
652 3782 856 3820 crescentibus)
877 3784 902 3812 ei
923 3782 1124 3813 restituerimus
1137 3793 1187 3820 per
1204 3784 1312 3816 Literas

256 3832 295 3852 no
322 3833 362 3853 ras
381 3823 508 3855 Patentes
528 3832 654 3862 gerentes
676 3821 782 3852 Datam
802 3821 875 3857 apud
895 3820 1023 3851 Westm.
1044 3822 1184 3859 praedieto
1199 3825 1313 3860 quinto-

256 3861 372 3891 decimo
388 3861 447 3891 Die
462 3862 580 3899 Martii,
599 3861 679 3892 dieto
705 3860 793 3891 Anno
812 3860 912 3896 Regni
932 3860 1021 3890 nostri
1042 3861 1146 3899 tertio,
1164 3870 1249 3898 prout
1264 3873 1312 3901 pet

256 3900 368 3930 easdem
389 3899 495 3939 Latet-as
513 3901 640 3931 Patentes
658 3899 764 3939 plenius
781 3899 868 3936 liquet
886 3899 919 3929 &
935 3908 1063 3936 apparet;

296 3937 474 3977 Qiibusdam
489 3947 580 3970 tamen
605 3938 695 3969 arduis
709 3939 742 3970 ὃς
759 3938 920 3976 urgentibus
939 3936 1034 3967 Ciusis
1049 3938 1082 3968 &
1101 3936 1315 3968 Consideratio-

257 3977 340 4007 nibus
354 3975 421 4006 Nos
438 3976 472 4006 ad
487 3976 544 4006 hoc
567 3978 719 4013 specialiter
742 3977 944 4013 moventibus,
961 3976 1106 4012 cupientes
1128 3985 1158 4006 ut
1172 3976 1316 4015 prefatus,

257 4014 441 4045 Reverendus
456 4015 485 4043 in
501 4013 617 4045 Christo
639 4016 732 4053 Pater,
745 4014 867 4053 Jimbus
891 4014 1011 4043 Dunolm
1036 4013 1178 4054 Epifiopus
1197 4015 1316 4045 Tenen-

242 4052 333 4083 ⁷tibus
349 4053 398 4082 suis
420 4053 453 4121 δέ
471 4054 579 4121 efferis
597 4053 823 4085 luhab‘itantibus
843 4052 1085 4092 quibuscumque,
1103 4062 1160 4084 tam
1181 4054 1251 4084 infra
1273 4053 1314 4085 E-

269 4095 341 4124 Tam.
361 4094 409 4122 VI.
455 4114 461 4120 .
524 4113 530 4120 .

1358 145 1868 194 Pontica·
2365 164 2441 205 131

1378 235 1558 282 piscopatum
1583 236 1753 274 praedietum
1775 241 1865 278 quarn
1888 238 1954 270 alibi
1976 237 2222 270 commorantibus
2244 236 2279 268 δε
2295 236 2437 266 residenti·
2456 232 2533 264 Ann.

1376 274 1445 312 bus,
1463 275 1492 305 id
1508 275 1584 313 quod
1597 274 1739 313 AEquitati
1751 277 1785 307 ὃς
1802 278 1919 307 Κετῐοηί
1934 279 2095 309 consonum
2107 276 2190 308 fuerit
2213 275 2313 306 melius
2338 274 2431 305 facere
2476 274 2542 309 156<

1376 314 1521 351 exequi&
1535 314 1701 353 perimplere
1715 314 1798 351 poilit
1818 316 1850 346 δε
1866 316 1971 355 valcat,
2449 309 2466 336 3
2482 311 2542 339 Eliz.

1412 350 1460 380 De
1473 351 1573 382 Gratia
1588 351 1683 382 nostra
1696 351 1826 390 speciali,
1844 363 1875 383 ac
1891 351 1923 383 ei<
1946 363 2021 386 certa
2038 354 2164 386 Scientia
2185 354 2219 386 &
2239 361 2321 383 mero
2339 349 2429 394 Motu
2488 354 2542 387 Regi

1373 388 1490 426 nostris,
1507 392 1607 421 omnia
1623 390 1757 428 praedidta
1771 392 1803 421 ὃ(
1819 401 1993 430 praeexcepta
2007 392 2137 423 Maneria
2154 392 2210 422 sive
2231 390 2372 421 Dominia
2393 390 2429 419 de

1374 426 1502 458 Allerton
1520 429 1553 459 &
1570 428 1775 460 Allertonssiire
1790 430 1821 458 in
1841 430 1922 460 dieto
1939 432 2089 461 Comitatu
2109 430 2206 460 nostro
2228 429 2375 465 Eborum,
2393 437 2428 458 ac

1371 466 1541 501 praedictum
1560 467 1735 497 Dominium
1752 467 1784 498 &
1807 467 1966 498 Manerium
1987 470 2021 499 de
2036 468 2131 499 Creke
2153 478 2221 498 cum
2247 469 2298 498 suis
2312 467 2429 505 juribus

1371 503 1514 534 Membris
1527 506 1560 536 δε
1578 505 1753 537 Pertinentiis
1769 507 1797 535 in
1819 506 1923 536 eodem
1939 507 2087 537 Comitatu
2112 507 2207 536 nostro
2223 505 2353 536 Eborum
2364 527 2373 542 2
2392 515 2426 535 ac

1369 543 1455 572 etiam
1471 546 1568 573 omnia
1585 544 1715 581 przedicia
1733 543 1861 574 Maneria
1883 545 1939 574 sive
1956 545 2093 575 Dominia
2110 545 2144 574 de
2166 544 2314 582 Sadburgh
2335 543 2427 583 Myd-

1368 579 1479 618 leham‚
1498 580 1651 616 Effington
1676 582 1800 620 Warde,
1820 582 1967 620 Effington
1987 582 2169 620 Coronator,
2195 582 2308 613 Cotton
2333 582 2427 612 Mon-

1367 618 1423 649 vile
1446 620 1479 649 &
1492 618 1638 651 Gatei‘hed
1662 621 1691 650 in
1712 622 1850 658 praedicto
1866 620 2015 652 Comitatu
2036 621 2183 651 Palantino
2200 621 2339 651 Dunolm.
2355 630 2426 651 cum

1368 657 1418 685 suis
1429 657 1542 695 Juribus
1564 658 1705 689 Membris
1729 660 1761 689 &
1784 659 1979 698 Pei-tinentiis,
1997 669 2031 690 ac
2058 660 2142 689 etiam
2163 661 2261 690 onmia
2280 659 2426 696 Mefimgia

1367 693 1485 725 Domos
1502 696 1638 727 AEdificia
1655 697 1826 728 Molendina
1848 698 1951 728 Terras
1972 698 2056 729 Prata
2077 697 2195 727 Pastuas
2216 696 2344 728 Pasturas
2364 698 2427 728 Co-

1370 735 1478 763 munias
1495 733 1600 765 Boscos
1615 735 1776 766 Subboscos
1792 737 1883 775 Aquas
1907 737 2036 767 Piscarias
2058 735 2160 765 Parcos
2172 735 2330 766 Warrenna
2347 735 2427 767 Cha-

1367 780 1428 802 ceas
1442 771 1581 803 Redditus
1597 773 1733 812 Servitia,
1754 774 1845 805 Feoda
1862 774 2011 812 Militum,
2028 774 2138 804 Warda
2160 772 2309 810 Miritagia
2326 774 2426 805 Escae-

1366 817 1405 839 tas
1421 810 1650 849 Advocationes,
1664 811 1732 850 Jura
1747 812 1911 843 Patronatus
1926 813 2126 850 Ecclesiarum,
2144 811 2300 842 Nundinas
2312 812 2426 843 Tolne-

1366 856 1393 878 ta
1411 848 1542 880 Mercata
1557 850 1723 880 Theolonia
1740 850 1893 881 Custumas
1911 851 1934 882 F
1937 852 2088 882 ranchesias
2104 851 2260 881 Libertates
2276 850 2426 890 Privilegia

1367 885 1498 918 Proficua
1512 888 1745 919 Commoditates
1761 888 1962 920 Emolumenta
1974 891 2006 920 &
2023 889 2265 920 Hoereditamenta
2281 898 2426 927 quaecum-

1365 934 1421 963 que
1436 935 1504 956 cum
1521 927 1708 964 Pertinentiis,
1726 928 1928 967 cujuscumque
1947 928 1996 958 sint
2013 929 2122 964 generis
2135 936 2237 958 naturae
2253 928 2296 957 vel
2313 927 2427 966 speciei,

1366 964 1450 994 dietis
1468 964 1602 995 Maneriis
1619 966 1673 996 sive
1689 965 1838 996 Dominiis
1853 966 1889 997 de
1905 966 2034 996 Allerton
2056 968 2089 997 &
2107 965 2309 996 Allertonshire
2327 966 2425 996 Creke

1364 1001 1507 1042 Sadbargh
1532 1003 1719 1072 Myd{eham‚
1738 1003 1886 1044 Effington
1912 1004 2039 1042 Warde,
2068 1003 2218 1045 Effington
2244 1004 2425 1043 Coi-ommi,

1367 1039 1481 1072 Cotton
1490 1041 1608 1081 Monvy
1620 1053 1636 1072 e
1645 1043 1677 1073 ὃς
1686 1043 1831 1074 Gateshed
1842 1043 2051 1081 quoquomodo
2060 1043 2207 1080 spectantia
2218 1043 2272 1072 sive
2281 1045 2425 1080 pertinen-

1365 1079 1420 1116 tia,
1436 1089 1484 1111 aut
1504 1091 1534 1111 ut
1558 1081 1650 1112 Partes
1672 1081 1810 1112 Membra
1832 1083 1887 1113 live
1904 1081 2038 1113 Parcellas
2061 1081 2206 1111 didkorum
2224 1080 2423 1112 Maneriorum

1365 1117 1421 1147 sive
1446 1118 1654 1150 Dominiorum
1673 1120 1764 1150 habita
1786 1122 1898 1159 cognita
1917 1128 2030 1158 accepta
2053 1120 2144 1150 ulitata
2163 1119 2207 1150 seu
2226 1128 2344 1158 reputata
2365 1122 2425 1151 exi-

1365 1155 1482 1194 stentia,
1501 1168 1617 1189 necnon
1631 1159 1729 1189 omnia
1743 1159 1847 1189 Terras
1861 1159 2042 1190 Tenementa
2065 1160 2099 1190 ὃς
2121 1157 2363 1189 Haereditamenta
2381 1159 2427 1196 ja-

1366 1196 1457 1226 centia
1471 1197 1503 1226 &
1519 1196 1663 1228 existentia
1679 1199 1708 1227 in
1727 1197 1808 1228 Villis
1829 1197 1973 1228 Parochiis
1986 1196 2031 1228 seu
2053 1196 2220 1228 Hamelettis
2237 1196 2272 1226 de
2295 1196 2427 1228 Allerton

1366 1233 1463 1264 Creke
1480 1234 1627 1272 Sadbargh
1646 1235 1827 1276 Mydleham,
1846 1235 1994 1274 Effington
2011 1236 2132 1270 warte,
2150 1237 2182 1267 δε
2197 1234 2347 1274 Effington
2363 1235 2428 1265 Co-

1364 1281 1498 1312 ronator‚
1518 1273 1628 1304 Cotton
1647 1273 1790 1313 Monvyle
1804 1276 1837 1306 ὅς
1855 1274 1999 1307 Gateihed
2022 1276 2051 1305 in
2068 1275 2150 1305 dieto
2175 1274 2325 1304 Comitatu
2345 1274 2425 1304 Ebo-

1364 1320 1426 1340 rum
1438 1312 1471 1342 δι’
1488 1322 1516 1342 in
1533 1312 1681 1343 Comitatu
1697 1313 1846 1344 Palantino
1864 1313 2006 1344 Dunolm.
2022 1313 2181 1351 praedictis,
2201 1314 2335 1349 (exceptis
2351 1323 2425 1350 prae-

1365 1351 1485 1386 exceptis
1502 1350 1640 1381 Maneriis
1655 1353 1710 1383 sive
1727 1352 1876 1382 Dominiis
1890 1352 1926 1382 de
1942 1352 2076 1382 Norbam
2094 1352 2124 1383 ὅ(
2135 1351 2346 1382 Norbamssiire
2353 1361 2425 1382 cum

1363 1388 1417 1418 suis
1430 1388 1547 1425 Juribus
1564 1389 1706 1421 Membris
1721 1391 1754 1421 &
1775 1391 1953 1422 Pertinentiis
1972 1391 2138 1429 universis‚)
2159 1392 2185 1426 ei
2200 1390 2301 1421 damus
2318 1400 2426 1421 conce-

1363 1425 1456 1456 dimus
1473 1428 1506 1459 &
1521 1428 1690 1459 restituimus
1705 1439 1755 1469 per
1768 1429 1937 1468 Praesentcs3

1405 1464 1442 1495 Et
1459 1465 1523 1496 ideo
1536 1468 1586 1497 tibi
1601 1468 1782 1505 praecipimus
1796 1468 1874 1506 quod
1892 1468 2007 1505 praefato
2020 1467 2127 1507 Jacobo
2145 1466 2271 1498 Dunolm.
2298 1466 2426 1507 Epifiopo

1364 1504 1462 1534 omnia
1476 1506 1611 1542 praedic'ia
1627 1505 1756 1537 Maneria
1771 1506 1827 1536 sive
1838 1505 1980 1537 Dominia
1993 1507 2028 1537 de
2046 1507 2170 1537 Allerton
2186 1507 2218 1537 δε
2234 1506 2426 1538 Allertonshi-

1364 1552 1411 1580 re,
1429 1552 1461 1573 ac
1476 1543 1653 1575 Dominium
1667 1544 1701 1575 &
1719 1544 1885 1576 Manerium
1901 1546 1935 1575 de
1948 1545 2044 1575 Creke
2060 1545 2227 1583 praedictum
2238 1569 2247 1584 ,
2266 1555 2298 1575 ac
2321 1555 2425 1577 caetera

1364 1581 1512 1613 Praemissa
1526 1592 1594 1614 curn
1608 1583 1659 1614 suis
1676 1583 1854 1614 Pertinentiis
1868 1585 1898 1614 in
1915 1583 2018 1615 Balliva
2040 1593 2086 1615 tua
2107 1593 2155 1621 per
2178 1584 2328 1614 Praelentes
2350 1594 2424 1622 prae-

1365 1619 1498 1651 concessa
1523 1622 1556 1653 &
1576 1622 1699 1652 restituta
1717 1623 1727 1658 s
1737 1624 1860 1660 exceptis
1882 1623 2021 1660 praedit‘tis
2042 1622 2190 1653 Dominiis
2212 1623 2268 1653 sive
2286 1622 2423 1654 Maneriis

1364 1659 1398 1689 de
1416 1659 1554 1690 Norbam
1572 1660 1605 1691 &
1621 1660 1851 1699 Norbamssiire)
1870 1671 1936 1692 cum
1951 1662 2000 1692 suis
2012 1661 2126 1700 Juribus
2148 1661 2290 1692 Membris
2304 1663 2337 1693 ὅς
2352 1661 2423 1692 Per-

1363 1698 1489 1740 tinentiis
1503 1699 1654 1737 universis,
1671 1709 1686 1729 a
1702 1699 1785 1730 Festo
1802 1700 2043 1731 Annuneiationis
2064 1702 2154 1731 beatae
2175 1699 2278 1731 Mariae
2294 1699 2424 1739 Virginis

1364 1735 1468 1765 ultimo
1485 1739 1642 1775 praeterito,
1662 1738 1718 1767 sine
1729 1738 1861 1770 dilatione
1882 1739 2013 1777 Liberes3

1402 1773 1488 1804 Salvo
1502 1775 1564 1812 jure
1583 1775 1740 1813 cujussibet.

1436 1850 1525 1881 Teste
1540 1851 1657 1890 Regina
1673 1852 1747 1890 apud
1764 1851 2021 1893 Westmonasterium
2031 1878 2039 1892 ‚
2057 1855 2105 1885 xiii
2119 1853 2251 1893 dieJulii.

1607 1991 1635 2017 *ἕ
1664 1994 1713 2025 De
1736 1990 1904 2024 Richmomz'
1925 1991 2062 2025 Heraldo
2084 2002 2194 2025 creato.
2446 1992 2462 2009 ‘
2485 1993 2542 2058 ἔὲν

1361 2076 1511 2130 REgina
1531 2077 1664 2123 omnibus
1682 2077 1715 2107 ad
1734 2088 1819 2118 quos,
1837 2077 1897 2108 &a
1917 2077 2054 2109 Salutem.
2441 2041 2542 2114 Ann.3]

1457 2121 1556 2146 ocratis
1572 2115 1651 2155 quod
1669 2115 1756 2154 Nos,
2472 2123 2542 2161 1566

1396 2153 1444 2184 De
1466 2154 1566 2184 Gratia
1581 2153 1674 2193 nostra
1692 2154 1817 2192 speciali,
1835 2164 1868 2185 ac
1884 2164 1918 2185 ex
1938 2164 2014 2186 certa
2030 2155 2153 2186 Scientia
2172 2155 2204 2186 &
2222 2165 2302 2187 mero
2328 2156 2419 2189 Motu
2443 2162 2538 2190 Pat.8.

1355 2192 1479 2230 nostris,
1508 2203 1621 2223 necnon
1647 2194 1675 2222 in
1701 2193 1922 2223 consideratione
1947 2194 2016 2224 boni
2039 2196 2099 2224 veri
2125 2195 2158 2225 δε
2186 2193 2273 2224 fidelis
2308 2194 2420 2227 Servitii
2443 2199 2542 2238 Eliz.p

1355 2231 1452 2270 quod,
1479 2230 1608 2261 Dileetus
1630 2231 1760 2262 Serviens
1778 2231 1889 2270 noster,
1914 2234 1994 2270 Hugo
2016 2232 2201 2270 Cowthgrave
2225 2234 2290 2264 alias
2311 2236 2419 2272 Rudge-
2443 2237 2516 2266 8.m.
2530 2248 2542 2265 2

1356 2268 1433 2308 croffi’
1452 2280 1521 2299 unus
1535 2269 1771 2300 Purfivtindorum
1791 2270 1956 2301 nostrorum
1975 2270 2010 2301 ad
2034 2271 2141 2309 Arma,
2160 2272 2257 2302 Nobis
2272 2281 2336 2303 ante
2354 2273 2420 2306 haec

1356 2318 1485 2346 tempora
1506 2308 1666 2346 impendit,
1685 2309 1717 2340 ὃς
1736 2309 1854 2339 durante
1869 2309 1894 2340 V
1898 2309 1939 2340 itii
1951 2309 1997 2340 sua
2016 2310 2182 2347 impendere
2199 2311 2337 2350 intendit,

1394 2347 1544 2378 Ereximus
1559 2347 1680 2378 fecimus
1698 2347 1896 2379 constituimus
1917 2348 2115 2379 ordinavimus
2140 2350 2173 2380 &
2191 2350 2368 2389 creavimus,
2387 2361 2421 2384 ac

1355 2395 1404 2424 per
1427 2385 1577 2416 Praesentes
1602 2386 1736 2424 erigimus
1759 2385 1878 2417 facimus
1898 2386 2095 2419 constituimus
2111 2388 2273 2418 ordinamus
2290 2389 2325 2420 ὃς
2343 2399 2420 2422 crea-

1355 2435 1417 2455 mus
1435 2424 1544 2454 eundem
1562 2426 1702 2462 Hugonem
1720 2426 1748 2455 in
1764 2425 1906 2456 Officium
1919 2426 2051 2463 Heraldi‚
2070 2436 2104 2457 ac
2123 2427 2148 2457 ei
2169 2426 2312 2458 Officium
2331 2427 2420 2468 illud,

1355 2473 1470 2494 necnon
1497 2462 1622 2493 Nomen
1647 2463 1762 2499 vulgare
1780 2463 1829 2493 Ri
1840 2474 1856 2494 c
1867 2473 1889 2493 H
1900 2473 1917 2494 i:
1931 2474 1957 2495 M
1969 2475 1988 2495 o
2000 2474 2022 2495 N
2033 2474 2071 2503 D,
2094 2475 2127 2495 ac
2154 2465 2259 2496 Stilum
2284 2465 2420 2499 Titulum

1356 2501 1513 2533 Libertates
1531 2503 1564 2532 ὃς
1590 2502 1819 2533 Praeeminentias
1837 2503 2000 2540 hujusmodi
2023 2503 2136 2534 Officio
2163 2504 2365 2536 convenientia
2383 2506 2419 2536 &

1355 2542 1577 2610 {Boncordantia2
1594 2541 1632 2571 ab
1654 2541 1772 2579 antiquo
1797 2541 1948 2580 consueta,
1973 2542 2073 2573 damus
2101 2544 2133 2575 &
2155 2543 2344 2574 concedimus
2368 2553 2419 2583 pet

1383 2583 1524 2618 metientes,

1391 2617 1570 2649 Habendum
1589 2619 1622 2650 δε
1634 2617 1831 2648 exercendum
1852 2617 1994 2648 Officium
2013 2618 2099 2656 illud,
2118 2628 2151 2649 ac
2167 2619 2294 2650 Nomen
2315 2620 2418 2653 Stilum

1354 2656 1491 2688 Titulum
1516 2657 1670 2687 Libertates
1687 2657 1720 2687 ὅ(
1741 2657 1970 2688 Praeeminentias
1988 2658 2140 2697 praetlid'ta,
2162 2659 2284 2697 praefato
2308 2661 2420 2698 Hugom'

1354 2695 1420 2726 alias
1433 2694 1597 2729 Richemorzd
1612 2695 1726 2726 durante
1743 2695 1808 2726 Vita
1827 2695 1891 2734 sust,

1393 2734 1432 2764 Et
1451 2735 1562 2765 ulterius
1583 2734 1791 2772 concessimus,
1809 2743 1842 2764 ac
1862 2744 1911 2772 per
1926 2734 2100 2773 Praesentes‚
2118 2742 2173 2773 pro
2194 2735 2293 2767 Nobis
2314 2736 2419 2768 Haere-

1352 2772 1433 2803 dibus
1452 2773 1485 2803 &
1512 2772 1722 2803 Successoribus
1748 2772 1868 2810 nostris,
1893 2773 2082 2804 concedimus
2105 2773 2200 2804 eidem
2224 2778 2332 2814 Hugoni
2355 2777 2419 2808 alias

1352 2811 1529 2849 Richemwd,
1547 2811 1655 2850 singulis
1674 2811 1765 2841 Annis
1782 2811 1898 2841 durante
1920 2811 1989 2843 Vita
2006 2811 2053 2843 sua
2069 2812 2224 2852 praedieta,
2242 2824 2293 2851 pro
2319 2815 2418 2845 Vadiis

1353 2851 1385 2880 δε
1406 2850 1507 2880 Feodis
1523 2849 1627 2880 Officii
1643 2850 1791 2889 praediffl,
1810 2853 1912 2887 viginti
1932 2854 2046 2880 Marcas
2071 2852 2157 2882 bonae
2176 2851 2210 2882 &
2228 2852 2321 2891 legalis
2345 2853 2418 2889 Mo-

1353 2898 1427 2919 netae
1442 2888 1569 2928 Anghae,
1588 2888 1726 2919 habendas
1744 2889 1777 2920 ὃ(
1796 2889 1986 2928 percipiendas
2005 2890 2150 2920 annuatim
2170 2889 2287 2929 praefato
2308 2894 2418 2928 Hugoni

1349 2928 1415 2957 alias
1422 2927 1625 2964 Richemond,a
1642 2927 1726 2957 Festo
1734 2928 1973 2957 Annunciationis
1981 2928 2071 2958 beatae
2086 2927 2189 2958 Mariae
2201 2928 2418 2968 Virginis,An-

1352 2975 1391 2995 no
1407 2965 1505 3001 Regni
1525 2965 1611 2995 nostri
1629 2965 1766 3003 08(an
1784 2965 1900 2996 durante
1916 2966 1984 2997 Vita
2002 2966 2048 2997 sua
2067 2966 2219 3005 praedicta,
2235 2967 2272 2998 de
2287 2968 2417 3000 Thesau-

1352 3014 1384 3034 ro
1403 3004 1500 3034 nostro
1523 3003 1681 3034 Haeredum
1701 3006 1734 3035 ὃς
1757 3004 1960 3035 Succefforum
1981 3004 2144 3036 nostrorum
2158 3027 2168 3043 ,
2196 3006 2230 3037 ad
2254 3005 2415 3044 Receptam

1351 3042 1492 3073 Scaccarii
1510 3042 1598 3072 nostri
1621 3042 1749 3073 Westm.
1769 3042 1930 3073 Haeredum
1951 3044 1984 3074 &
2004 3043 2208 3074 Succefforum
2228 3043 2416 3085 nostrorum,

1350 3091 1398 3119 per
1414 3080 1521 3111 Manus
1535 3080 1710 3112 Thesaurarii
1728 3082 1760 3112 &
1776 3080 2005 3112 Camerariorum
2024 3081 2188 3112 nostrorum
2203 3082 2360 3114 Haeredum
2380 3085 2414 3116 ὃ(

1349 3119 1556 3150 Successorum
1581 3119 1742 3150 nostrorum
1768 3119 1877 3150 ibidem
1902 3129 1955 3156 pro
1981 3128 2111 3156 tempore
2144 3119 2325 3152 existentium
2345 3146 2353 3160 ‚
2379 3123 2414 3154 ad

1349 3157 1430 3188 Festa
1445 3158 1559 3189 pasche
1577 3159 1610 3188 &
1629 3158 1725 3187 Sanisti
1743 3157 1893 3188 Michaelis
1911 3157 2084 3194 Archangeli
2104 3168 2151 3196 per
2169 3160 2287 3199 aequales
2299 3160 2413 3191 Portio-

1349 3207 1414 3234 nes,
1433 3196 1551 3226 durante
1569 3196 1633 3226 Vitii
1653 3196 1733 3233 ipsius
1747 3198 1866 3234 Hugonis
1883 3196 1946 3226 alias
1959 3195 2133 3235 Ricloemona',
2154 3199 2207 3228 una
2226 3209 2292 3229 cum
2311 3201 2411 3229 omni-

1350 3237 1402 3266 bus
1420 3235 1477 3265 aliis
1494 3234 1759 3265 Commoditatibus
1777 3234 1914 3265 Proficuis
1931 3235 2118 3271 Advantagiis
2137 3237 2170 3267 ὃς
2186 3236 2411 3269 Praeeminentiis

1349 3274 1442 3304 eidem
1462 3272 1574 3303 Officio
1593 3283 1710 3310 quoquo
1732 3273 1822 3302 modo
1839 3273 1941 3304 debitis
1959 3274 1991 3305 δε
2009 3274 2161 3312 consuetis3

1385 3311 1429 3341 Eo
1448 3312 1528 3350 quod
1546 3313 1667 3351 exprelia
1688 3313 1817 3351 mentio,
1835 3312 1899 3343 δίε.

1384 3349 1418 3380 In
1435 3351 1512 3388 cujus
1525 3351 1584 3389 rei,
1602 3351 1662 3381 &c.

1385 3426 1474 3458 Teste
1492 3426 1608 3466 Regini
1622 3426 1696 3465 apud
1716 3426 1991 3467 lffistmonasterium,
2011 3427 2094 3457 tertio
2112 3426 2159 3457 die
2172 3426 2250 3465 Julii.

1907 3505 1961 3534 Per
1980 3506 2073 3533 Breve
2087 3503 2119 3533 de
2137 3505 2258 3534 Privato
2275 3505 2374 3544 Sigilla.

1678 3656 1725 3692 De
1751 3657 1886 3688 Licentia
1911 3655 1939 3686 E
1941 3652 2061 3700 ligendi.

1416 3744 1506 3786 Egina
1516 3766 1526 3782 ,
1553 3742 1662 3775 dilectis
1675 3741 1726 3772 fibi
1748 3741 1776 3771 in
1790 3739 1907 3770 Christo
1921 3762 1930 3776 ‚
1955 3742 2067 3769 Decano
2082 3735 2121 3774 ὦ·
2137 3738 2259 3778 Capitale
2273 3738 2410 3773 Ecclesiae
2442 3756 2501 3789 &nn
2526 3756 2542 3787 Ι

1352 3746 1414 3818 R
1433 3781 1610 3814 Cathedralis
1626 3779 1824 3816 Banzzorenfis,
1841 3778 1974 3822 Salutem.
2033 3817 2038 3822 “
2433 3776 2445 3790 ¹
2464 3807 2476 3827 1
2501 3796 2537 3827 66

1388 3823 1431 3854 Ex
1447 3830 1522 3859 parte
1537 3820 1630 3850 vestra
1646 3820 1726 3849 nobis
1742 3817 1783 3847 est
1798 3817 1939 3847 humiliter
1951 3816 2141 3855 supplicatum
2156 3824 2203 3854 ut,
2221 3818 2292 3848 cum
2308 3817 2412 3850 Eccle-
2472 3806 2528 3863 1531st

1354 3862 1388 3892 sia
1415 3860 1573 3898 praedieta,
1606 3869 1654 3895 per
1678 3857 1808 3887 Mortem
1832 3856 1985 3886 naturalem
2005 3855 2096 3885 ultimi
2113 3854 2248 3893 Episcopi
2272 3857 2412 3896 ejusdem,
2532 3857 2539 3864 ”

1350 3902 1410 3940 jam
1426 3908 1505 3929 vacet
1522 3899 1554 3929 δε
1572 3896 1692 3927 Pastoris
1708 3896 1738 3926 sit
1752 3894 1848 3925 solatio
1864 3892 1992 3924 destituta
2009 3917 2018 3930 ‚
2042 3893 2129 3925 alium
2143 3894 2226 3924 vobis
2242 3894 2366 3932 eligendi
2382 3898 2413 3928 iri

1355 3939 1528 3976 Episcopum
1551 3937 1583 3966 δε
1610 3935 1754 3965 Pastorem
1780 3933 1945 3964 Licentiain
1967 3932 2096 3963 nostram
2118 3931 2310 3965 fundatoriam
2332 3937 2415 3967 vobis

1356 3976 1515 4009 concedere
1531 3974 1730 4012 dignaremur,
2100 4010 2104 4015 ·
2120 4011 2125 4016 .

1394 4015 1478 4052 Nos,
1496 4013 1631 4044 Precibus
1649 4011 1746 4042 vestris
1764 4011 1795 4040 in
1812 4010 1865 4040 hac
1884 4018 1960 4047 parte
1978 4009 2169 4042 favorabiliter
2187 4010 2349 4050 inclinatae,
2368 4012 2420 4043 Li-

1361 4056 1487 4085 centiam
1503 4052 1580 4083 illam
1593 4051 1675 4083 vobis
1684 4050 1819 4118 Ιάζυκίιηυε
1833 4048 2068 4088 concedendam,
2365 4087 2395 4119 R

1734 4097 1753 4118 2
2398 4098 2433 4120 o<

2435 3882 2461 3913 p.
2477 3883 2538 3908 9.m

2438 3923 2486 3951 34·
