2542 4274
736 156 845 196 ET
931 157 1198 199 ACTA

1296 154 1771 202 PUBLICA.
2279 174 2359 218 159

54 242 128 274 Ann.
146 242 187 273 D.
204 253 318 282 pertum
334 242 366 273 sir
386 241 513 272 Praedam
533 240 569 270 ab
586 240 695 270 alterius
715 240 803 279 Regis
824 241 965 280 Subditis,
989 243 1114 286 Terris,¹
1128 240 1255 278 Regnis,
1301 238 1379 270 chier
1399 242 1433 271 δε
1447 242 1594 274 Tresamie
1610 243 1692 273 Frere
1712 244 1744 274 &
1763 244 1873 275 Coufin
1897 245 1919 275 le
1935 251 1989 287 Roy
2007 250 2202 290 d’Angleterre
2225 262 2278 283 aux
2305 252 2358 282 fins
2379 248 2504 284 Anni}

78 281 160 320 1518.
203 283 257 313 live
272 281 415 313 Dominiis
433 279 583 309 abducstam
602 278 635 308 ὃς
652 274 773 309 ablatatri
790 279 858 317 esse,
875 280 967 311 Causa
985 281 1134 311 summarie
1149 281 1181 310 &
1199 279 1254 309 fine
1301 287 1356 315 que
1373 278 1478 319 deffirs,

50 323 110 348 Hm.
137 321 165 349 8.

54 1367 70 1384 ⁸⁸
97 1365 181 1392 XIII.

90 1405 156 1439 653.

67 3457 145 3489 'Ana
159 3457 200 3488 D.

90 3497 173 3534 1518.

67 3539 121 3562 An.
140 3546 184 3564 10.

69 3594 110 3654 133}
125 3596 185 3639 ον’ῐ-

66 3658 135 3684 gme.

202 321 316 357 strepitu
334 319 366 348 ἃ
384 317 474 352 figura
491 317 592 353 judicii
612 316 745 355 discussa,
764 318 877 348 indilate
894 318 970 348 Bona
989 328 1068 357 capta
1087 319 1203 349 Damna
1218 318 1251 347 &

200 357 329 388 interefle
346 356 453 387 restitui
467 356 538 392 Spol
550 356 598 385 atis
606 354 769 393 Jubebunt,
789 365 869 393 atque
882 356 1043 396 Sententia,
1063 367 1126 395 quae
1143 366 1191 394 per
1209 355 1253 384 dr-

199 397 261 426 &os
287 394 441 432 respeetive
466 395 630 432 depputatos
649 394 761 432 Judices
787 395 844 424 tarn
869 404 968 425 contra
994 394 1165 433 Capitaneos
1190 394 1251 424 illos

198 432 369 472 Magistros,
392 434 508 471 Socios,
536 431 670 462 Bursarios
693 433 725 462 δε
752 433 819 462 alios
844 432 1089 464 Praeeminentiam
1115 435 1143 463 in
1171 432 1252 462 Navi

196 471 329 502 habentes
355 471 478 509 feretur,
503 472 655 509 quinetiam
677 478 776 501 contra
799 471 982 509 Fidejuffores
1003 473 1082 509 juxta
1103 472 1251 501 Tenorem

193 509 414 547 Obligationum
434 511 464 540 in
481 520 511 540 ei
529 509 609 539 Parte
629 508 829 547 praestimrum,
845 510 877 540 ὅ(
897 519 944 547 per
967 509 1154 540 Admirallum
1175 511 1249 539 Vice-

196 548 386 587 admirallum,
406 549 451 579 vel
468 558 566 578 eorum
590 547 754 578 Officiarios
772 556 966 586 receptarum,
993 549 1183 579 incontinenti
1203 557 1250 586 per

195 586 311 617 eosdem
332 587 447 625 Judices
472 588 528 618 five
554 596 655 617 eorum
679 585 796 616 alterurn
825 585 990 617 Executioni
1011 586 1224 617 demandabitur
1240 607 1250 622 ‚

196 626 277 654 omni
298 626 406 663 penitus
424 625 626 662 Appellationis
643 624 786 654 Remedio
805 624 930 663 sublato,

236 663 349 693 Licebit
367 674 461 695 tamen
490 664 583 701 Parti,
613 673 676 701 quae
700 661 728 692 se
753 671 888 700 praetextu
915 663 1075 701 hujusmodi
1099 662 1250 693 Sententiae

198 699 357 733 Gravatam
375 702 540 739 praetendit,
556 702 590 732 ad
618 702 755 739 Suprema
782 700 880 735 Regni
907 701 1058 739 Concilia,
1075 712 1128 739 pro
1147 700 1251 731 Refor-

198 741 323 771 matione
342 740 500 778 hujusmodi
524 738 724 776 GravaminiS,
742 748 900 777 recurrere,
920 739 1040 777 praestita
1059 749 1155 770 tamen
1176 739 1250 777 prius

197 779 235 808 ab
253 788 367 817 utraque
383 779 463 809 Parte
481 779 643 815 Cautione,
660 778 695 807 ab
713 786 744 806 ea
763 777 933 815 (videlicet)
952 779 999 817 qui
1013 778 1163 808 Sententiae
1179 777 1248 807 Exe—

197 818 346 847 cutionem
365 818 498 856 obtinuit,
517 817 552 846 de
569 816 681 853 Rebus,
699 815 822 846 obtentis
839 827 887 855 per
903 817 1091 854 Sententiam,
1107 817 1250 846 restituen-

197 855 240 885 dis
261 855 394 893 Expenlis
416 855 536 885 Damnis
554 856 587 886 δε
608 853 751 891 Intereffe,
771 854 790 884 fi
812 855 838 883 in
861 854 950 885 Causa
970 855 1168 892 succubuerit,
1187 863 1250 892 quae

196 893 314 932 quidem
331 893 465 924 Conciiia
485 894 554 924 infra
574 893 629 923 Sex
643 892 766 930 Menses,
782 892 963 931 posteaquam
980 893 1127 923 Process'us
1144 894 1252 930 primo-

197 941 262 963 rum
279 931 427 970 Judicium
450 932 507 963 illic
527 932 766 968 introducuntur,
783 931 872 962 distas
892 931 994 963 Causas
1013 931 1086 962 finali
1109 930 1252 962 Sententia

195 971 395 1000 terminabunt.

234 1008 280 1038 ΙΤ
291 1018 308 1039 E
320 1017 366 1047 M,
393 1008 570 1040 Austoritate
587 1009 681 1047 Regia
706 1019 754 1046 per
769 1008 968 1047 Admirallum,
991 1007 1227 1038 Viceadmirallum
1242 1031 1251 1046 ,

195 1046 242 1077 seu
260 1057 361 1078 eorum
378 1046 588 1086 Vicesgerentes
601 1048 818 1087 Litigatoribus,
833 1048 904 1078 dum
918 1048 933 1086 J
939 1059 969 1079 us
985 1047 1065 1079 suurn
1080 1047 1251 1086 prosequun-

198 1093 242 1115 tur
252 1108 261 1123 ,
273 1087 353 1125 plena
366 1085 478 1116 dabitur
491 1086 630 1117 Securitas

236 1123 281 1153 IT
292 1133 365 1162 EM,
384 1124 579 1162 providebitur
601 1135 648 1162 per
665 1125 772 1156 Literas
786 1124 888 1164 Regias
908 1126 941 1156 ad
955 1123 1162 1162 Admirallum,
1181 1126 1254 1154 ch-

198 1162 388 1201 adnarrallum,
404 1164 436 1194 &
457 1174 556 1194 eorum
581 1163 804 1203 Vicesgerentes,
823 1165 910 1194 taliter
927 1164 1006 1202 quod
1030 1162 1082 1199 Ipsi
1102 1164 1201 1193 omnia
1220 1164 1253 1193 &

199 1201 304 1240 singula
323 1201 468 1232 Praemiffa
494 1202 682 1233 observabunt
706 1202 750 1232 seu
775 1203 916 1233 observari
941 1203 1061 1238 facient,
1077 1200 1112 1232 Et
1129 1201 1255 1239 publica-

200 1240 306 1270 buntur
325 1242 403 1277 super
418 1241 459 1270 his
475 1241 645 1278 Principum
662 1240 783 1272 Decreta
802 1242 832 1272 in
848 1241 991 1272 Portubus
1009 1242 1042 1272 ὃς
1059 1239 1146 1272 Locis
1163 1239 1256 1270 Mari-

201 1279 283 1308 timis
294 1278 438 1316 utriusque
455 1277 562 1315 Regni.

235 1315 345 1355 ITEM,
365 1327 415 1355 pro
434 1318 542 1355 majore
555 1318 709 1348 Securitate
723 1318 809 1348 Partis
829 1318 997 1356 Dampnurn
1016 1317 1100 1356 paffae
1117 1317 1257 1348 Conven-

199 1362 262 1385 tum
283 1356 315 1386 &
338 1355 508 1386 Ordinatum
534 1357 574 1386 est
593 1356 692 1394 quod,
716 1357 865 1395 postquam
891 1364 1073 1395 compertum
1093 1357 1123 1386 sit
1141 1356 1160 1375 ²¹²
1182 1356 1257 1386 Prae-

200 1393 267 1424 darn
290 1395 326 1424 ab
346 1394 452 1425 alterius
474 1394 561 1433 Regis
582 1395 705 1425 Subditis
727 1396 830 1425 fretam
855 1405 899 1426 aut
916 1395 1045 1432 Spolium
1069 1394 1256 1425 commiffum

202 1432 277 1469 effe,
297 1433 422 1463 constito
444 1434 479 1463 de
502 1433 558 1463 hoc
579 1433 731 1464 summarie
753 1434 785 1464 δε
809 1434 845 1463 de
864 1433 948 1470 plano
970 1434 1024 1463 line
1045 1433 1158 1470 strepitu
1174 1435 1207 1465 &
1225 1432 1258 1462 fi-

203 1481 275 1507 gura
292 1471 418 1509 Judicii,
437 1472 468 1501 sit
491 1472 519 1500 in
538 1473 656 1507 optione
671 1471 759 1502 Partis
776 1471 946 1508 Dampnum
964 1471 1048 1508 passae
1063 1475 1106 1502 vel
1127 1472 1168 1502 uti
1183 1481 1256 1508 prae-

202 1509 286 1538 dietis
315 1511 348 1541 &
369 1509 425 1539 aliis
444 1508 518 1547 Juris
540 1508 688 1539 Remediis
706 1518 804 1540 contra
824 1510 996 1547 principales
1020 1510 1196 1540 offendentes
1222 1510 1256 1540 &

201 1556 300 1577 contra
318 1547 448 1577 Personas
470 1555 497 1577 ut
521 1548 701 1584 proemittitur
722 1548 874 1586 obligatas,
891 1549 935 1579 vel
957 1548 1031 1578 adire
1051 1549 1134 1585 ipsius
1157 1548 1258 1584 Regni

198 1585 383 1624 Principem,
402 1595 451 1622 per
475 1586 552 1623 cuju»-
565 1585 699 1616 Subditos
723 1587 889 1624 Dampnum
906 1588 966 1625 jam
989 1586 1101 1617 constat
1122 1586 1179 1616 effe
1200 1586 1257 1616 illa—

200 1633 281 1662 tum,
309 1626 357 1661 qui
378 1633 412 1653 ex
436 1624 625 1655 Subditorum
650 1624 765 1654 Delic‘to
790 1635 844 1662 pro
865 1626 1008 1662 praeteritis
1033 1624 1262 1663 Depraedationi-

201 1663 273 1700 bus,
292 1662 372 1693 saetis
390 1673 407 1693 a
424 1671 550 1700 tempore
565 1662 645 1693 Pacis
668 1662 773 1693 ultimo
796 1664 874 1694 initae
895 1665 965 1694 inter
983 1663 1076 1702 Reges
1098 1663 1258 1703 praedictos,

202 1701 378 1737 obligabitur
402 1711 436 1731 ac
453 1701 620 1738 Dampnum
646 1701 727 1738 paffis
749 1711 868 1732 omnem
891 1702 1025 1740 injuriam
1047 1703 1080 1732 &
1103 1711 1191 1732 omne
1212 1701 1260 1731 ln-

203 1739 302 1772 tereffe
323 1749 377 1778 pro
400 1741 545 1778 praeteritis
570 1739 833 1778 Depraedationibus
855 1740 996 1778 praedictis
1019 1739 1161 1771 restituere
1182 1749 1259 1770 tene-

201 1780 279 1809 bitur
296 1791 305 1817 3
332 1788 384 1816 pro
407 1779 504 1809 futuris
522 1788 617 1810 autem
641 1778 910 1816 Depraedationibus
955 1780 1018 1810 casu
1039 1788 1096 1818 quo
1117 1778 1260 1810 Sententia

202 1817 281 1855 super
303 1816 493 1848 Restitutione
515 1818 567 1848 lata
588 1819 657 1847 intra
671 1817 744 1847 Tres
760 1817 890 1855 Menses,
909 1803 991 1848 flatze
1008 1817 1180 1854 Dampnun
1196 1827 1258 1856 pas-

204 1856 233 1886 sa
254 1856 311 1887 hoc
336 1865 464 1894 petente,
491 1867 549 1888 non
575 1855 761 1887 demandetur
782 1856 955 1888 Executioni
971 1880 980 1894 ,
1005 1855 1160 1886 secundum
1185 1855 1260 1893 quod

201 1893 312 1934 Justum
338 1897 407 1933 erit,
425 1904 491 1925 tunc
515 1895 563 1932 ipsi
582 1898 743 1924 Francorum
766 1894 804 1930 &⁶
826 1895 937 1933 Angliae
952 1898 1032 1931 Reges
1055 1894 1209 1931 respective
1225 1894 1260 1924 ad

206 1933 431 1965 Reltitutionem
455 1935 578 1964 omnino
600 1933 820 1972 obligabuntur,
835 1936 868 1968 δε
892 1933 1022 1964 eamdem
1042 1934 1134 1965 facere
1157 1933 1262 1964 realiter

204 1972 395 2011 tenebuntur,
411 1972 524 2010 proviso
545 1971 624 2010 quod
639 1972 705 2004 Pars
731 1972 768 2002 sic
790 1971 1003 2010 dampnificata,
1023 1971 1071 2001 cui
1090 1982 1138 2010 per
1152 1971 1265 2003 Princi-

205 2021 276 2049 pem
296 2011 379 2041 fuerit
393 2011 589 2048 Sarisnetum,
605 2010 687 2041 cedet
705 2011 798 2042 eidem
814 2011 942 2049 Principi
964 2020 1065 2041 omnes
1080 2011 1214 2041 Actiones
1229 2011 1262 2041 δί

206 2049 258 2080 alia
280 2060 456 2088 quaecunque
477 2049 615 2080 Remedia
632 2072 641 2087 ,
666 2058 731 2088 quae
751 2049 814 2080 alifis
840 2051 865 2081 ei
888 2057 1058 2087 competunt
1081 2050 1142 2080 tam
1174 2049 1266 2080 versus

207 2086 413 2156 ISDelilriquentes
433 2089 517 2127 qu'am
541 2087 632 2119 versus
652 2087 834 2128 quoscunque
855 2089 923 2120 alios
945 2097 1079 2127 praerexru
1102 2088 1265 2126 hujusmodi

232 2135 311 2163 pon.

245 2164 290 2195 Ιτ
302 2175 320 2195 E
332 2173 376 2203 M,
395 2165 459 2205 quia
477 2164 590 2196 diversae
614 2165 751 2203 porred’cae
773 2165 835 2196 sunt
850 2166 1007 2205 Querellze,
1024 2168 1058 2198 &
1080 2166 1267 2197 verisimiliter

206 2203 396 2240 imposterum
418 2205 523 2240 porrigi
551 2203 682 2242 possunt,
700 2204 778 2241 super
793 2205 1030 2241 spoliationibus,
1049 2204 1212 2242 Dampnis,
1229 2207 1263 2237 ὃ(

209 2240 322 2279 Injuriis
348 2243 378 2271 in
405 2241 605 2280 Praejudicium
632 2241 787 2272 Foeclerum
810 2243 927 2272 antehac
948 2252 998 2280 per
1022 2243 1141 2273 Terram
1165 2253 1266 2280 perpe—

208 2282 287 2310 tratis
310 2281 343 2311 &
365 2279 538 2317 commissis,
567 2279 717 2311 Provisum
735 2280 769 2310 &
792 2279 967 2310 Conclusum
990 2281 1032 2311 est
1054 2281 1135 2319 quod
1159 2282 1267 2318 praefati

204 2316 321 2356 Judices
341 2318 465 2357 deputati
487 2327 618 2355 peraeque
630 2320 688 2355 pari
710 2317 800 2347 modo
821 2319 853 2348 ὃ(
874 2318 945 2348 infra
960 2318 1038 2348 idem
1060 2329 1170 2356 tempus
1186 2320 1267 2356 super

208 2356 251 2386 his
273 2356 403 2387 decidere
425 2356 458 2386 δε
480 2356 667 2386 determinare
691 2355 828 2393 debeant,
847 2357 1092 2393 quemadmodum
1108 2358 1188 2395 super
1203 2358 1267 2388 De-

207 2394 427 2434 praedationibus
439 2395 473 2426 86
487 2393 707 2431 Spoliationibus
727 2395 757 2424 in
778 2393 856 2425 Mari
870 2394 1040 2425 commiffis.

246 2471 348 2502 Tenor
364 2469 612 2501 Commisfionum
633 2469 813 2509 nostrarum,
832 2470 924 2509 quoad
939 2471 1090 2510 praemiffa,
1103 2472 1226 2503 inseritur
1238 2473 1269 2502 in

210 2510 350 2541 Tractatu
364 2511 558 2548 Tornacenli,
574 2509 610 2540 de
631 2508 705 2540 Data
723 2508 920 2549 Praesentium,
937 2513 1009 2541 inter
1029 2511 1183 2549 praeditstos
1205 2511 1268 2543 Re-

208 2558 257 2590 ges
270 2549 343 2579 inito
361 2549 394 2581 &
410 2549 555 2579 conclulo.

246 2629 280 2660 In
299 2639 421 2667 quorum
449 2630 583 2659 omniurn
609 2628 643 2659 &
666 2626 842 2664 finguiorum
869 2627 1082 2660 Praemissornm
1108 2629 1210 2662 Fidem
1235 2634 1270 2664 &

210 2667 427 2699 Testimonium
454 2667 542 2705 Nos,
561 2666 697 2696 Oratores
713 2666 910 2697 Commiffarii
931 2669 965 2700 &
990 2668 1191 2706 Procuratores
1207 2680 1272 2702 anre

211 2706 280 2737 <lieri
297 2705 423 2736 Domini
443 2705 529 2736 nostri
544 2704 772 2735 Christianiffimi
788 2707 870 2742 ‘Regis
893 2709 1074 2746 Francorum,
1093 2708 1271 2745 praesentibus

214 2745 331 2782 Literis,
350 2743 487 2775 Manibus
511 2743 611 2774 nostris
628 2743 803 2782 subscriptis,
822 2744 922 2781 Sigilla
938 2745 1031 2776 nostra
1045 2747 1231 2787 apposuimus.

251 2820 326 2852 Data
342 2822 372 2851 in
391 2820 462 2851 Urbe
480 2821 605 2851 London.
624 2819 671 2851 die
686 2820 797 2858 Qiarto
814 2819 922 2851 Mensis
939 2820 1088 2860 Offitobris,
1106 2823 1193 2856 Anno
1207 2825 1272 2856 Do-

212 2861 284 2890 mini
303 2858 459 2891 Millefimo
477 2859 718 2898 Qringentefimo
734 2858 851 2890 decimo
872 2859 1000 2892 oeravo.

248 2936 290 2967 G.
309 2936 563 2968 GoUFFYER.

245 2975 504 3006 STEPHANUS
522 2975 749 3006 Emscopus
768 2973 996 3007 Pramum.

247 3013 277 3041 F.
298 3023 348 3043 na
369 3014 739 3045 RoancnovART.

248 3049 603 3084 DE'NEUerLLE.

286 3128 460 3197 Sudeinisslis
473 3127 531 3167 ficis
553 3132 627 3160 Cerae
649 3129 738 3161 rubrae
757 3141 776 3160 a
798 3130 892 3170 duplici
913 3130 999 3160 cauda
1012 3133 1182 3169 Pergamenae
1203 3140 1270 3173 pen-

361 3179 392 3197 en
409 3180 417 3197 1
438 3179 476 3197 us.

217 3319 277 3349 Pro
314 3318 514 3350 Matrimonia
549 3318 808 3364 fhpramemorato
843 3316 1004 3363 Commiffie
1047 3321 1180 3358 Claudiae
1212 3325 1272 3356 Re-

690 3379 777 3414 gmae.

280 3451 395 3491 Laude,
411 3460 458 3489 par
483 3451 508 3481 la
532 3451 629 3482 Grace
651 3451 687 3483 de
711 3452 807 3492 Dieu,
825 3454 975 3488 Romi:
1003 3455 1034 3484 a'e
1061 3458 1163 3486 France
1189 3455 1271 3487 Du-

297 3499 344 3520 ΕΗ
355 3500 372 3521 Ε
384 3500 445 3521 ssE
466 3490 498 3519 de
517 3492 664 3534 ssretaigne
681 3488 719 3525 ὠ·
738 3492 770 3521 de
789 3493 901 3533 Milan,
919 3494 1016 3525 ΒΑΜ
1027 3504 1044 3525 Ε
1064 3494 1096 3524 d'e
1114 3498 1225 3525 Genues.

256 3526 349 3559 Con
361 3538 387 3560 M
398 3538 415 3560 E
436 3529 637 3569 Monleigneur
659 3528 685 3572 le
699 3532 754 3568 Ray
791 3540 864 3568 pour
884 3533 909 3564 le
926 3533 994 3564 Bien
1008 3533 1043 3562 de
1066 3533 1090 3563 la
1105 3532 1173 3564 Paix
1188 3534 1271 3565 Uni-

218 3567 331 3598 verselle
354 3568 389 3598 de
410 3568 434 3598 la
453 3567 643 3603 Christiente,
660 3574 697 3597 ait
717 3568 754 3598 de
764 3575 787 3599 ιι·
808 3571 842 3601 &
861 3571 976 3602 volente
995 3581 1049 3609 que
1068 3570 1162 3602 nostre
1183 3571 1270 3603 Tres-

221 3606 298 3637 chier
320 3607 352 3637 &
368 3606 516 3637 Tresamie
536 3606 560 3635 F
562 3605 599 3648 il}
616 3605 700 3636 Aisne
722 3607 755 3637 &
774 3606 915 3647 Unicque
938 3613 1063 3639 Francois
1078 3610 1220 3648 Daulphin
1237 3612 1269 3641 de

221 3648 342 3675 Vtennois
365 3645 436 3683 soit,
461 3656 493 3675 au
517 3645 605 3682 plailrr
628 3643 662 3674 de
686 3643 780 3682 Dieu‚
804 3648 953 3685 conjoindt
976 3658 1023 3685 par
1046 3648 1177 3687 Mariage
1199 3661 1269 3681 avec

221 3683 316 3713 nostre
327 3683 494 3714 Treschiere
516 3684 548 3714 ὃ(
567 3681 730 3724 Tresa-miee
743 3682 872 3715 Cousme
889 3685 917 3714 la
934 3686 1060 3725 Princeffi
1073 3687 1141 3717 Fille
1165 3689 1267 3727 Aifizee

218 3722 252 3751 ὃς
273 3723 395 3760 unicque
415 3722 450 3752 de
472 3722 568 3752 nostre
580 3721 728 3752 Trelchicr
753 3723 786 3753 &
801 3721 947 3754 Tresamie
961 3724 1042 3754 Frere
1066 3727 1098 3755 δε
1112 3725 1222 3757 Cousm
1244 3726 1269 3757 le

217 3762 273 3796 Roy
287 3760 497 3799 d’Angleterre,
519 3760 588 3790 Lors
607 3769 661 3798 que
681 3759 770 3789 seront
792 3760 827 3790 de
842 3761 908 3798 Age
922 3771 993 3799 pour
1007 3765 1195 3804 contraiiter,

233 3835 238 3840 .
257 3797 294 3828 Et
315 3809 386 3836 pour
408 3800 481 3830 ceste
497 3798 586 3829 Cause
605 3808 642 3829 art
666 3797 779 3836 Depute
798 3800 837 3829 ses
856 3800 1072 3831 Ambasstadeurs
1084 3812 1155 3840 pour
1168 3804 1193 3834 se
1209 3804 1270 3834 Re-

219 3841 284 3865 tirer
303 3845 351 3873 par
375 3837 472 3868 devers
489 3838 568 3877 Luy,
586 3837 739 3868 demander
761 3839 785 3868 sa
807 3837 866 3868 dite
893 3838 962 3868 Fille
983 3849 1018 3868 en
1043 3839 1174 3879 Mariage
1197 3853 1270 3880 pour

219 3873 312 3903 nostre
333 3875 372 3905 dit
387 3876 464 3915 Filz,
482 3878 514 3908 ὃς
538 3877 603 3906 faire
626 3876 662 3906 les
678 3875 882 3916 Capitulations
896 3877 1028 3908 Seuretez
1043 3878 1222 3920 obligations
1236 3882 1270 3912 &

219 3918 308 3941 autres
321 3911 526 3946 Convenances
549 3915 592 3945 sur
611 3924 644 3944 ce
667 3914 786 3952 requises
809 3917 842 3946 δε
857 3915 1037 3955 neceffaires,
1157 3952 1159 3954 ,

257 3948 310 3985 Et,
326 3949 447 3983 d'autant
475 3964 529 3994 que
553 3952 674 3983 desitons
694 3953 793 3989 icelluy
817 3953 948 3990 Mariage
974 3957 1053 3986 venir
1073 3966 1088 3986 a
1115 3956 1218 3997 effect,
1235 3959 1269 3989 &

216 3996 274 4056 Eue
298 3990 476 4029 entendons,
499 3993 586 4022 loubz
614 3992 639 4021 le
662 3993 720 4021 bon
747 3992 835 4028 plailir
860 3994 892 4024 ὃς
915 3993 1050 4025 auctorite
1079 3994 1114 4026 de
1137 4007 1207 4026 mon
1228 3997 1272 4028 dit

240 4034 352 4063 eigneur
366 4026 389 4056 le
407 4031 460 4069 qu
470 4050 479 4067 ‚
497 4030 612 4069 deputer
628 4030 832 4062 Ambaffadeur
845 4040 894 4069 par
907 4031 1007 4063 devers
1025 4033 1120 4066 nostre
1133 4035 1175 4067 dit
1188 4035 1273 4066 Tres-

2398 294 2481 329 1518.

1335 317 1804 357 ScAv01Rm150quue
1823 318 1926 359 Nous,
2375 331 2482 359 Hem&

1338 355 1558 388 Souffilaument
1580 357 1733 388 auctorisee
1756 367 1843 395 quant
1865 369 1880 387 a
1903 370 1938 388 ce
1961 360 1995 390 de
2011 361 2085 393 Mon
2104 365 2146 396 dit
2166 366 2305 403 Seigneur
2327 366 2352 395 le

1298 396 1354 433 Ray
1369 417 1379 432 ,
1405 405 1524 426 comme
1544 405 1640 433 appert
1659 406 1710 433 par
1737 394 1776 426 ses
1799 395 1908 425 Lettres
1931 397 2058 430 Patentes
2078 412 2113 442 cy
2132 406 2241 436 ataches
2262 405 2351 436 soubz

1299 432 1395 463 nostre
1408 433 1518 464 Contre
1536 433 1615 472 8661,

1335 471 1361 501 A
1384 471 1457 508 plain
1481 472 1606 502 conflans
1629 472 1664 502 de
1685 472 1710 502 Ia
1727 470 1868 502 Personne
1885 470 1920 501 de
1945 473 2037 504 nostre
2057 476 2205 510 Treschier
2228 482 2260 512 &
2283 483 2350 512 bien

1300 508 1386 538 Amie
1403 509 1520 540 Mesfire
1535 510 1687 540 Guilla-ume
1703 510 1819 549 Gouffi'er
1832 509 1984 541 chevalier
2005 513 2041 542 de
2061 514 2068 541 1
2081 515 2175 547 Ordre
2189 519 2352 550 Ctinl'eillier

1298 547 1333 577 &
1348 546 1536 579 Chambellan
1559 549 1696 578 ordinaire
1720 549 1755 578 dc
1780 544 1857 579 Mon
1884 549 1925 578 dit
1947 549 2080 588 Seigneur
2106 553 2128 581 le
2144 559 2197 592 ιω]
2222 558 2353 589 Admiral

1297 584 1334 614 de
1350 585 1457 654 F‘Znff
1470 587 1609 630 Seigneu'r
1623 587 1658 617 de
1678 586 1817 626 Bonivet,
1834 588 1868 619 ὃς
1890 586 1925 617 de
1946 587 1985 618 ses
1999 588 2069 619 Sens
2091 590 2205 623 Fidelite
2226 595 2353 626 Pruden-

1298 633 1332 654 ce
1369 639 1386 654 t,
1450 634 1599 662 xperience

1336 646 1459 702 fcelluy,
1486 672 1555 700 pour
1579 648 1624 693 ce³s
1643 662 1746 695 Causes
1767 664 1800 695 &
1822 672 1911 694 autres
1932 674 1948 695 a
1972 674 2006 695 ce
2028 663 2115 696 Nous
2138 677 2275 700 mouvam
2289 694 2297 708 ‚
2325 683 2354 702 a.

1298 710 1373 730 voris
1389 699 1555 738 Constitue,
1574 701 1707 740 Estably,
1726 703 1758 732 &
1777 701 1929 740 Ordonne,
1949 701 2147 743 Constituons,
2166 706 2345 740 Establrll'ons

1299 740 1333 770 &
1359 738 1552 777 Ordonnons,
1571 749 1619 777 par
1638 750 1683 770 ces
1699 740 1841 771 Presentes
1863 747 1876 756 '⁸
1897 740 1990 771 nostre
2008 741 2166 774 Procureur
2190 746 2222 775 ὃ(
2237 734 2356 778 Ambas3
2377 739 2491 771 *ΧῙῙΪὲ

1296 777 1406 816 sadeur‚
2062 815 2065 817 ,
2416 784 2482 819 ⁶54⁴

1337 814 1382 846 Au
1403 816 1467 854 quel
1488 826 1575 846 avons
1600 815 1709 847 Donne
1733 817 1767 848 &
1790 816 1936 848 Donnons
1957 817 2029 857 plain
2045 819 2170 858 Povoir,
2189 820 2356 863 Auetonte,

1299 855 1332 885 &
1349 853 1539 885 Mandement
1561 854 1677 892 especial
1698 865 1746 894 par
1764 865 1809 884 ces
1832 856 1903 885 dites
1925 856 2092 896 praesentes,
2111 858 2146 889 de
2171 869 2242 895 pour
2264 862 2297 891 δε
2320 872 2357 893 en

1300 891 1396 922 nostre
1420 893 1522 931 Nom,
1540 893 1704 923 Dcmander
1727 903 1762 925 en
1786 893 1914 930 Mariage
1944 906 1959 924 a
1981 895 2077 926 nostre
2099 896 2140 927 dit
2163 897 2294 928 treschier
2322 901 2356 930 δὲ

1299 930 1422 961 tresamie
1444 931 1526 962 Frere
1548 933 1580 963 ὃς
1603 931 1711 961 Coulin
1726 931 1750 960 le
1766 934 1821 970 Ray
1842 932 2039 969 d’Angleterre
2061 935 2155 965 nostre
2178 936 2235 966 dite
2255 937 2359 968 Coufi-

1300 979 1337 999 ne
1357 968 1385 998 la
1401 969 1530 1008 Prmceffi’
1555 970 1578 1000 la
1594 969 1662 1000 Fille
1681 970 1782 1000 Aisnee
1804 971 1837 1000 ὃ(
1858 971 1999 1010 unicque,
2015 982 2087 1009 pour
2103 974 2195 1004 nostre
2211 975 2253 1005 dit
2266 976 2358 1006 Tres—

1300 1007 1377 1076 {iiier
1397 1009 1429 1038 &
1450 1008 1595 1039 Tresamr'e
1617 1007 1681 1042 Etlz
1702 1006 1792 1048 Aiftze
1811 1009 1844 1039 ὃ(
1867 1010 1990 1046 unicque
2012 1013 2136 1041 Francms
2159 1010 2299 1052 Daulphm
2322 1015 2355 1044 de

1324 1058 1441 1084 zennon,

1340 1084 1376 1116 Et
1392 1095 1462 1122 pour
1486 1085 1564 1116 icelle
1586 1085 1705 1116 Fiancer
1724 1095 1760 1126 au
1783 1084 1869 1115 Nom
1893 1086 1930 1116 de
1951 1085 2045 1118 nostre
2067 1087 2108 1118 dit
2134 1088 2217 1128 Fssz,
2236 1089 2277 1120 s’il
2299 1092 2358 1121 voit

1302 1133 1356 1161 que
1380 1124 1439 1154 bon
1458 1123 1511 1154 soit
1532 1126 1565 1155 <Sc
1594 1134 1647 1161 que
1662 1125 1729 1154 faire
1743 1129 1770 1153 le
1785 1124 1910 1162 doibue,

1341 1161 1379 1192 Et
1402 1172 1474 1200 pour
1494 1162 1562 1193 faire
1585 1162 1622 1191 les
1644 1160 1869 1201 Convenances,
1899 1163 2007 1201 Pactes,
2035 1163 2240 1205 Capitulations
2254 1188 2264 1205 ,
2290 1166 2361 1197 Pro-

1305 1201 1425 1238 mess'cs,
1443 1202 1475 1230 δί
1491 1199 1674 1231 Submiffions
1695 1212 1711 1231 a
1726 1211 1760 1231 ce
1775 1200 1925 1239 Requises,

1340 1239 1377 1269 Et
1395 1239 1430 1268 de
1448 1239 1537 1269 Nous
1552 1239 1691 1277 Obliger,
1707 1240 1739 1269 &
1755 1249 1813 1270 noz
1830 1239 1918 1270 l-loirs
1932 1240 1965 1270 ὃς
1982 1240 2178 1280 Successeuis,
2195 1242 2266 1272 Piiis
2282 1243 2359 1275 Ter-

1304 1287 1345 1307 res
1367 1278 1399 1308 ὃς
1415 1277 1614 1318 Seigneuriez,
1632 1286 1689 1307 tant
1713 1288 1784 1320 pour
1805 1279 1830 1308 la
1846 1278 1958 1309 Seurete
1980 1279 2020 1310 du
2040 1281 2081 1310 dit
2099 1279 2227 1320 Mariage
2240 1292 2294 1321 que
2311 1293 2362 1314 au-

1305 1324 1357 1347 tres
1371 1314 1478 1346 Choles
1501 1316 1689 1352 neceffairies,
1706 1318 1724 1346 {1
1745 1324 1826 1347 avant
1849 1318 1932 1355 qu'on
1955 1319 2092 1354 pourroit'
2107 1318 2163 1349 fere
2185 1330 2220 1348 en
2243 1322 2279 1350 tel
2298 1325 2363 1362 cas',

1343 1353 1380 1384 Et
1400 1354 1616 1391 generallement
1636 1354 1671 1384 de
1686 1355 1757 1385 Fere
1772 1355 1909 1385 Procurer
1931 1357 1964 1387 ὃ(
1983 1355 2122 1395 Belogner
2141 1367 2169 1387 es
2182 1357 2289 1389 Choses
2307 1361 2362 1391 sis-

1305 1393 1392 1430 dites,
1410 1393 1481 1423 leurs
1494 1392 1726 1423 Circumstances
1749 1395 1782 1424 δε
1798 1393 2022 1434 Deppendences
2040 1405 2102 1425 tout
2124 1406 2159 1426 ce
2175 1406 2229 1434 quc
2245 1398 2364 1437 besoing

1307 1433 1340 1462 ὅτ,
1364 1433 1453 1469 requis
1475 1431 1548 1469 sera,
1565 1432 1598 1463 &
1620 1441 1739 1461 comme
1760 1430 1848 1461 Nuus
1871 1433 1987 1462 mesmes
2011 1433 2117 1463 ferioris
2137 1435 2169 1464 ὅ(
2195 1434 2252 1466 fere
2278 1447 2365 1474 pour—

1308 1471 1384 1501 rions
1407 1470 1427 1500 si
1449 1479 1465 1510 y
1488 1469 1592 1499 estions
1611 1480 1645 1500 en
1665 1469 1820 1507 personne,
2275 1507 2279 1509 μ

1346 1508 1383 1538 Et
1406 1508 1442 1538 de
1459 1508 1541 1547 Jurer
1563 1518 1599 1537 en
1622 1507 1717 1538 nostre
1741 1508 1835 1546 Arne,
1859 1518 1974 1539 encores
1998 1519 2052 1547 que
2071 1509 2173 1541 fussent
2195 1511 2292 1545 Chose
2314 1510 2365 1554 qui

1308 1547 1463 1616 ffqmsgfn}
1481 1546 1672 1578 Mandement
1696 1546 1755 1584 plus
1778 1547 1897 1587 especial
1921 1557 1975 1586 que
1999 1548 2067 1577 n'est
2097 1559 2241 1582 contenue
2262 1563 2297 1583 en
2320 1563 2368 1584 ces

1329 1595 1377 1616 rtes
1417 1595 1445 1615 re
1456 1594 1533 1616 entes

1349 1608 1584 1654 Promeetans’de
1599 1624 1696 1653 bonne
1709 1623 1767 1663 Foy
1787 1634 1823 1654 en
1837 1623 1945 1654 Parolle
1967 1624 2001 1654 de
2017 1624 2122 1664 Royne
2141 1629 2220 1657 avoir
2237 1628 2369 1665 Aggrea-

1311 1662 1357 1692 ble
1382 1662 1484 1692 Ferme
1506 1662 1538 1692 ὃς
1555 1661 1667 1692 Estable
1691 1670 1753 1691 tout
1777 1671 1811 1692 ce
1833 1672 1886 1701 que
1910 1673 1958 1699 par
1978 1663 2071 1693 nostre
2094 1664 2134 1694 dit
2158 1662 2314 1696 procureur
2334 1668 2369 1698 δὲ

1312 1699 1516 1732 Αιιὼαῖίῖιάευῑ
1539 1701 1594 1730 sera
1617 1699 1694 1737 Fait,
1720 1698 1792 1737 Dit‚
1818 1700 1961 1738 Procure,
1988 1701 2063 1739 lure,
2082 1704 2115 1733 ὃς
2139 1704 2249 1734 Promis
2269 1706 2311 1735 sur
2333 1706 2372 1736 les

1313 1738 1422 1770 Choses
1442 1737 1619 1776 dess'risdites,
1638 1740 1697 1769 sans
1716 1737 1819 1776 Jamais
1839 1740 1919 1768 venir
1943 1750 1976 1769 au
2000 1742 2155 1780 contraire,
2174 1742 2206 1772 ὃ(
2228 1743 2264 1772 de
2278 1743 2372 1773 baillet

1310 1787 1370 1808 noz
1394 1777 1507 1845 L{ttres
1527 1776 1564 1807 de
1585 1775 1788 1807 Ratiffication
1811 1776 1887 1807 telles
1907 1787 1962 1815 que
1991 1777 2083 1808 nostre
2107 1780 2148 1810 dit
2170 1781 2373 1813 Ambafladeur

1310 1825 1429 1855 promet.
1444 1825 1481 1845 ra.

1347 1892 1394 1923 En
1410 1891 1573 1931 Tesmoing
1594 1891 1630 1923 de
1652 1902 1687 1922 ce
1709 1891 1797 1923 Nous
1819 1902 1907 1923 avons
1922 1893 1996 1932 ligne
2012 1903 2060 1924 ces
2079 1893 2150 1925 dites
2169 1893 2320 1926 Praesentes
2336 1890 2373 1928 de

1313 1931 1410 1963 nostre
1434 1931 1534 1968 Main,
1552 1935 1585 1962 u&
1607 1931 1655 1961 fait
1669 1930 1771 1962 Seeller
1793 1930 1830 1961 de
1849 1931 1944 1961 nostre
1960 1932 2035 1963 Seel.

1353 2008 1460 2039 Donne
1477 2019 1512 2037 au
1529 2007 1628 2048 Plefflz
1650 2008 1682 2037 de
1697 2010 1749 2038 Ver
1769 2007 1795 2037 le
1817 2007 2002 2045 Cinquiesme
2022 2009 2092 2049 Jout
2109 2008 2288 2050 d’Orstoer
2306 2010 2371 2043 l'An

1315 2047 1351 2080 de
1365 2047 1462 2079 Gracc
1479 2045 1581 2085 Mille,
1599 2045 1698 2086 Cincq
1712 2045 1809 2085 Ceus,
1826 2047 1872 2077 dix
1885 2048 1974 2078 huiet.

1950 2119 2140 2156 CLAuDa

1393 2205 1451 2232 Par
1469 2202 1498 2232 Ia
1512 2206 1600 2242 Royne
1613 2199 1743 2241 Duchc’ffi’
1761 2202 1794 2231 de
1809 2204 1959 2240 Bretaigne
1976 2200 2015 2237 ῤ’
2028 2202 2061 2231 de
2075 2201 2178 2234 Milan.

1817 2278 2097 2310 Dacomacna

1392 2354 1446 2384 Sub
1461 2352 1551 2392 sigillo
1567 2353 1637 2384 cera*
1653 2353 1743 2385 rubrae
1764 2366 1781 2384 a
1802 2353 1898 2393 duplici
1914 2355 2013 2386 Caudae
2031 2358 2203 2395 Pergamena
2215 2353 2358 2398 pendenie,

1320 2487 1369 2519 De
1394 2487 1517 2533 collegio
1542 2486 1736 2520 fidedicorum
1763 2487 1929 2521 fundando
1952 2490 2037 2534 infra
2067 2488 2181 2526 Urbem
2215 2494 2378 2529 Londom'ae.

1422 2571 1453 2602 X
1472 2573 1625 2609 omnibus,
1643 2573 1677 2602 ad
1696 2583 1785 2617 quos,
1805 2574 2022 2610 &esalutem

1321 2577 1383 2641 R
1423 2609 1506 2643 Cum
1527 2611 1610 2651 Regii
1631 2611 1735 2642 Officii
1758 2612 1846 2642 nostri
1866 2612 1975 2644 Munus
1992 2614 2159 2646 arbitremur
2178 2612 2304 2649 Ditionis
2323 2629 2377 2650 no-
2399 2606 2474 2636 Asm-
2492 2604 2534 2638 D⁴

1319 2648 1383 2679 strae
1404 2648 1574 2680 Hominum
1600 2650 1726 2680 felicitati
1753 2652 1835 2680 omni
1852 2652 1959 2682 ratione
1978 2653 2138 2692 consulere,
2164 2656 2192 2686 id
2211 2666 2305 2688 autem
2332 2658 2376 2688 vel
2422 2648 2505 2683 ¹5¹8·

1319 2688 1448 2725 inprimis
1461 2688 1523 2719 fore
1541 2688 1560 2718 si
1576 2687 1780 2726 improborum
1805 2688 1964 2720 Conatibus
1987 2692 2157 2730 tempestive
2182 2705 2379 2735 occurmmuS,
2400 2689 2450 2712 ’Μ
2466 2696 2507 2713 ¹0·

1322 2727 1453 2764 apprime
1474 2727 1659 2758 necessarium
1680 2727 1810 2757 duximus
1829 2727 2036 2765 Improborum
2054 2740 2169 2769 quoque
2195 2734 2378 2773 l-lominurn,
2402 2729 2435 2750 H·
2455 2723 2482 2750 3·

1342 2767 1368 2795 ui
1396 2764 1577 2796 Medicinam
1606 2766 1697 2803 magis
1723 2767 1843 2807 avaritiae⁵
1866 2767 1921 2797 suae
1949 2767 2054 2804 causa,
2080 2770 2164 2807 quam
2192 2772 2270 2802 ullius
2295 2774 2377 2804 bonae
2403 2765 2447 2788 pm
2471 2772 2513 2790 ¹0·

1339 2803 1514 2835 *onscientiae
1537 2803 1640 2835 fiducia
1665 2806 1889 2844 profitebuntur,
1915 2806 1990 2837 unde
2014 2807 2074 2837 rudi
2093 2808 2126 2838 δί
2151 2810 2275 2841 credulae
2295 2811 2376 2842 Plebi
2400 2804 2432 2826 H.
2448 2800 2513 2836 3¹¹³·

1321 2842 1442 2882 plurima
1458 2842 1650 2873 Incommoda
1668 2844 1808 2882 oriantur,
1828 2844 1986 2876 Audaciam
2003 2846 2202 2886 compescere,
2401 2848 2426 2865 2·
2437 2846 2527 2875 ”⁵³5²

1357 2880 1474 2920 Itaque,
1495 2882 1593 2919 partim
1612 2883 1686 2912 bene
1704 2881 1894 2913 institutarum
1921 2882 2084 2915 Civitatum
2109 2886 2138 2915 in
2166 2885 2244 2918 Italia
2269 2889 2301 2919 &
2320 2887 2378 2920 aliis

1321 2921 1421 2951 multis
1436 2920 1611 2951 Nationibus
1632 2920 1802 2960 Exemplum
1820 2922 1937 2960 imitati,
1957 2924 2058 2961 partim
2082 2922 2224 2956 Gravium
2242 2926 2377 2958 Virorum

1319 2958 1489 2990 Dodiorum
1505 2959 1648 2997 Johanm‘s
1666 2958 1815 2998 Chamber,
1835 2958 1942 2990 Thomae'
1966 2964 2101 2999 Linacre,
2121 2965 2257 2994 Fernandi
2276 2962 2308 2994 a‘e
2329 2969 2377 2995 Vi-

1319 2999 1407 3027 ci‘oria
1421 3021 1430 3035 ,
1455 2997 1638 3028 Medicorum
1670 2997 1830 3029 nostrorum
1848 3021 1857 3036 ,
1881 2997 2010 3029 Nil-holai
2037 3000 2190 3040 Halstwell
2202 3025 2211 3041 ,
2236 3003 2376 3042 Johannir

1320 3036 1471 3075 FranciJc'i,
1489 3037 1522 3067 δε
1540 3035 1650 3066 Robertz'
1669 3036 1765 3078 Yaxely
1791 3036 1991 3077 Medicorum,
2008 3043 2041 3069 ac
2060 3041 2202 3078 praecipue
2226 3041 2375 3073 Reveren-

1318 3074 1426 3105 diffimi
1444 3076 1473 3104 in
1489 3074 1605 3105 Christo
1621 3075 1708 3105 Patris
1724 3085 1757 3106 ac
1781 3075 1904 3106 Domini
1929 3077 2051 3107 Domini
2070 3078 2176 3108 Thomae
2200 3076 2283 3110 thui’i
2305 3084 2375 3111 Sana

1317 3115 1369 3143 ‹23ae
1385 3113 1486 3143 Cecilfae
1501 3121 1578 3143 trans
1599 3113 1715 3142 TIT-herim
1737 3112 1922 3153 Sucrofhndffae
1944 3118 2073 3147 Romanae
2090 3117 2211 3156 Ecclqfiae
2227 3120 2372 3149 Presbteri

1318 3152 1472 3182 Cardinalis
1493 3152 1625 3182 Eborum
1647 3152 1862 3190 Arcbiepiscopi
1878 3153 1911 3183 &
1934 3153 2033 3191 Regni
2052 3154 2140 3185 nostri
2161 3157 2269 3191 Anglii:
2293 3157 2372 3187 Cimss

1317 3190 1419 3221 cellarii
1436 3189 1601 3231 Cliariffimi
1618 3190 1753 3221 Precibus
1768 3191 1913 3228 inclinati,
1931 3192 2098 3236 Collegium
2138 3189 2284 3232 erpefuurii
2306 3196 2370 3225 Do-

1317 3230 1432 3259 &orum
1450 3226 1592 3259 Gravium
1608 3229 1741 3260 Virorum
1761 3231 1809 3267 qui
1825 3228 2003 3261 Medicinam
2023 3240 2052 3261 in
2076 3231 2118 3262 Ur
2144 3243 2157 3262 e
2176 3233 2268 3263 nostra
2291 3234 2370 3263 Lon-¹

1318 3268 1389 3298 dino
1409 3269 1441 3298 δεῖ
1458 3268 1626 3309 SuburbiiS,
1643 3269 1771 3305 intraque
1785 3268 1900 3306 Septem
1918 3269 1999 3300 Milia
2023 3269 2155 3300 Paffuum
2175 3272 2210 3300 ab
2229 3281 2261 3301 ea
2283 3271 2371 3302 Urbe

1315 3316 1424 3346 quaqua
1442 3309 1550 3345 verius,
1566 3306 1681 3344 publice
1698 3316 1863 3338 excerceant
1880 3308 1986 3339 institui
2012 3308 2151 3339 Volumus
2167 3317 2251 3347 atque
2274 3309 2370 3348 Impea

1315 3355 1422 3382 ramus,
2238 3380 2239 3383 ,

1354 3384 1484 3422 Quibus,
1501 3384 1565 3414 tum
1585 3382 1622 3414 sui
1638 3381 1766 3414 Honoris
1783 3384 1844 3414 tum
1865 3385 1989 3422 publicae
2010 3383 2145 3415 Utilitatis
2162 3387 2296 3423 nomine,
2315 3390 2369 3418 eus

1315 3432 1354 3453 rae
1373 3430 1402 3452 ut
1417 3422 1557 3459 speramus
1575 3423 1626 3453 erit
1639 3421 1854 3453 Maliciosorum
1866 3433 2002 3462 ,quorum
2020 3423 2368 3460 meminimuS‚Iriscitiam

1314 3458 1579 3499 Temeritatemqne
1598 3462 1654 3491 tam
1673 3460 1813 3499 Exemplo
1830 3461 2030 3499 Gravitateque
2048 3461 2093 3491 sua
2111 3461 2262 3501 deterrere,
2281 3466 2370 3502 quam

1314 3509 1364 3538 per
1387 3498 1480 3535 Leges
1501 3500 1606 3529 nostras
1621 3507 1710 3537 nuper
1728 3500 1830 3538 editam,
1849 3510 1883 3531 ac
1901 3509 1950 3537 per
1972 3498 2199 3531 Constitutiones
2224 3511 2273 3539 per
2291 3503 2369 3534 idem

1315 3537 1456 3575 Collegium
1473 3538 1656 3575 condendas,
1675 3539 1788 3576 punire,
2188 3572 2190 3575 y
2238 3572 2241 3576 ,

1353 3577 1445 3614 Qufe,
1463 3581 1522 3614 quo
1540 3575 1647 3605 facilius
1665 3578 1717 3605 'rite
1735 3577 1829 3614 peragi
1849 3575 1971 3614 poffint,
1988 3577 2154 3607 memoratis
2168 3576 2346 3610 Doeconbus
2358 3603 2368 3619 ,

1314 3615 1440 3654 Jolmnnr'
1458 3614 1600 3652 chamber,
1614 3614 1722 3643 Thomae
1743 3618 1871 3652 Linarre,
1890 3613 2031 3643 fernando
2049 3615 2080 3643 de
2097 3617 2226 3654 Vjc‘i‘orr'a,
2245 3615 2369 3649 Medicis

1313 3653 1430 3690 nostris,
1449 3652 1582 3682 Nicholao
1596 3651 1762 3690 Halfiwell,
1779 3652 1904 3690 Johanni
1920 3656 2009 3681 Franci
2024 3655 2061 3691 ci,
2078 3653 2111 3683 &
2135 3654 2246 3684 Roberto
2269 3655 2365 3696 Yaxi'ey

1315 3692 1455 3728 Medicis,
1479 3690 1680 3728 Conceffimus
1706 3694 1785 3729 quod
1812 3690 1864 3727 Ipsi
1892 3694 2047 3729 omneique
2074 3691 2217 3722 Homines
2242 3694 2366 3731 ejusdem

1313 3727 1462 3761 Facultatis
1478 3729 1514 3759 de
1531 3730 1563 3760 &
1590 3730 1618 3758 in
1640 3728 1764 3759 Civitate
1782 3728 1914 3766 praedieta
1935 3728 1986 3759 sint
2005 3731 2034 3759 in
2056 3729 2100 3760 Re
2119 3732 2151 3761 ὃς
2176 3731 2305 3763 Nomine
2333 3745 2365 3763 u·-

1312 3780 1375 3799 num
1390 3772 1487 3806 corpus
1501 3766 1539 3801 ὠ
1556 3771 1736 3796 Communitas
1747 3774 1877 3807 perpetua
1897 3766 1952 3797 sive
1969 3767 2109 3805 Collegium
2120 3776 2275 3806 perpetuum
2285 3793 2293 3808 ,

1351 3807 1387 3838 Et
1406 3805 1485 3845 quod
1502 3806 1600 3836 eadem
1623 3809 1802 3835 Communitas
1818 3806 1872 3835 five
1889 3805 2049 3844 Collegium,
2067 3808 2174 3845 lingulis
2195 3808 2284 3838 Annis
2307 3811 2362 3840 irn-

1313 3854 1499 3885 perpetuuni‚
1525 3844 1629 3881 eligere
1656 3843 1758 3881 poffinr
1783 3845 1815 3874 &
1834 3843 1926 3874 facere
1945 3845 1980 3875 de
1998 3850 2194 3875 Commumtate
2218 3846 2237 3865 ³*
2255 3847 2297 3878 1112
2317 3849 2365 3879 ali-

1312 3895 1396 3924 quem
1415 3882 1568 3920 providum
1593 3883 1692 3912 Virum
1713 3882 1745 3911 &
1764 3882 1793 3911 in
1817 3880 1958 3913 Facultate
1980 3882 2139 3914 Medicinae
2156 3892 2302 3921 expertum
2329 3889 2359 3919 in

1315 3923 1501 3961 Praesrdentem
1519 3920 1634 3961 ejusdem
1659 3918 1765 3956 collegii
1790 3920 1845 3950 five
1864 3924 2086 3960 emmanitatis,
2115 3922 2149 3952 ad
2176 3924 2363 3964 Superviden-

1314 3962 1402 4000 dum,
1423 3958 1720 3995 Recognolcendum,
1738 3959 1770 3989 ὅ(
1787 3958 2015 3991 Gubernandurn
2034 3970 2087 3998 pro
2105 3961 2154 3990 illo
2176 3961 2261 3993 Anno
2283 3963 2368 3993 Colle-

1313 4011 1386 4037 gfum
1405 3998 1467 4038 five
1491 4000 1713 4026 Conmrunitatem
1735 3996 1887 4035 praediclz,
1905 4000 1938 4030 δε
1955 4009 2056 4029 omnes
2077 3997 2222 4033 Homines
2247 4003 2370 4040 ejusdem

1320 4037 1466 4069 Facultatis
1483 4037 1514 4066 &c
1530 4034 1658 4074 Negotia
1675 4035 1864 4074 eorumdem,

2403 3866 2517 3899 *mik

2417 3912 2483 3957 §55-
