2542 4274
86 234 162 266 Anu.
177 233 219 264 D.
244 237 387 276 thampton
407 235 533 268 Lincoln.
557 238 635 266 Dioc.
657 235 691 266 δε
714 234 836 273 ejusdem
860 237 938 268 Loci
962 237 1134 282 Conventus,
1153 252 1212 274 uno
1232 243 1312 282 Ore,
1354 242 1478 282 Augusti
1496 267 1506 283 ,

86 283 202 343 112³&

83 1288 195 1322 *xlm

82 1340 148 1367 5¹7·

820 149 932 192 ET
1033 152 1299 196 ACTA

243 279 316 344 &ln
331 314 410 351 cujus
425 314 463 343 rei
479 311 698 342 Testimonium
714 311 782 342 huic
798 313 914 351 Scripto
927 317 1027 348 nostro
1041 318 1208 351 Commune
1230 319 1310 358 sign-

244 351 306 383 lum
321 351 451 393 nostrum
467 352 656 388 appendimus
669 351 701 382 ὃ(
717 351 812 382 nostra
827 352 964 385 Nomina
978 359 1088 395 propria
1103 359 1219 397 quisque
1239 358 1307 390 Ma-

243 400 283 421 nu
302 390 526 428 subscripiitnus.

219 476 221 479 ·
279 465 349 496 Dat.
367 467 396 496 in
412 469 498 496 Domo
510 466 600 505 nostra
613 467 767 505 Capitol-ari
780 468 896 499 decimo
912 471 995 501 tertio
1011 468 1070 503 Die
1087 472 1195 505 Mensis
1211 474 1308 514 Augu-

243 504 293 544 sti,
313 506 402 536 Anno
416 504 540 536 Domini
555 506 709 537 Millelirno
727 507 966 547 Qiingentelimo
980 509 1146 551 Tn'gefimo
1161 522 1273 553 quarto.

280 582 338 612 Pei·
356 593 404 613 me
423 582 553 612 {thomam
569 583 722 621 Saunders,
741 576 874 616 Priorem
888 586 1068 624 praediClum„

282 621 336 653 Per
356 632 404 653 me
421 621 551 653 Thomam
564 625 693 660 Strouw,
710 621 771 657 ξφα.
792 623 820 653 6.

694 699 779 737 Sigill.
797 701 830 730 de
849 704 920 731 Cera
937 702 1030 735 rubea.

277 777 382 816 Quum
396 787 428 808 ea
442 775 473 807 fit
486 785 546 807 non
560 775 654 806 solum
669 775 841 807 Christianae
858 778 1034 818 Religionis,
1050 782 1110 813 &c.

276 817 429 847 Noverint
442 815 595 853 Universi,
614 817 675 846 ἃς.
694 816 772 852 quod
787 816 856 847 Nos
871 818 1031 848 Edwardus
1042 819 1166 858 Dalbye,
1183 819 1242 851 Dei
1256 815 1310 851 Pa-

242 856 355 891 tientia,
374 857 452 884 Prior
475 857 578 883 Domus
582 854 647 893 five
661 856 803 884 Prioratus
814 858 1007 886 Canonicornm
1020 857 1052 887 de
1068 858 1237 899 Ulnesbrofte
1253 863 1309 889 Or-

240 895 314 924 dinis
335 893 430 923 sancii
444 892 591 932 Augustini
604 892 729 923 Lincoln.
759 896 837 923 Dioc.
858 896 891 927 &
907 895 1029 933 ejusdem
1045 897 1120 928 Loci
1135 900 1309 936 Conventus,

239 943 300 964 uno
313 932 375 961 Ore
384 953 393 968 ,
412 932 473 962 ὅτε.

275 970 310 1000 In
335 969 416 1005 cujus
431 971 471 999 rei
489 969 706 1000 Testimonium
724 970 793 1001 huic
807 969 923 1010 Scripto
945 971 1044 1004 nostro
1068 972 1240 1005 Commune
1262 974 1309 1005 Si·

280 1057 335 1079 anu
348 1046 565 1086 subscripsimus.

276 1124 346 1155 Dat.
367 1124 395 1154 in
412 1128 498 1154 Domo
515 1123 604 1163 nostra
619 1123 772 1162 capitulari
781 1125 911 1156 Decimo
926 1126 1049 1164 septimo
1057 1126 1116 1159 Die
1131 1125 1241 1160 Mensis
1255 1128 1306 1160 Se-

237 1164 383 1203 ptembris,
394 1163 482 1194 Anno
498 1163 605 1194 Christi
622 1163 777 1194 Millesimo
793 1165 1033 1204 Qiingentesimo
1047 1167 1210 1206 Trigeiimo
1224 1178 1306 1208 quar—

237 1212 288 1241 to,
305 1203 401 1241 Regni
417 1207 487 1233 vcro
504 1201 593 1242 Regis
607 1205 719 1232 Henrici
731 1204 836 1233 oozaw·
853 1203 999 1236 Vicesimo
1015 1205 1100 1237 sexto.

273 1280 293 1301 ²*
314 1279 461 1310 Dominus
479 1276 639 1309 Edwardus
658 1279 762 1319 Balbi,
780 1279 873 1312 Prior.

275 1318 424 1349 Dominus
440 1318 555 1348 Thomas
571 1321 671 1357 Lycet,
690 1317 751 1352 &a
770 1326 798 1356 5.

275 1355 371 1389 Frater
391 1356 543 1399 Wssielmus
560 1359 672 1396 Horon,
689 1356 750 1392 &a
771 1367 799 1387 2.

822 1434 911 1474 Sigill.
928 1435 962 1466 de
980 1439 1050 1466 Cera
1067 1435 1159 1467 rubea.

271 1507 375 1548 Quum
391 1519 422 1541 ea
438 1509 469 1540 sit
483 1520 542 1541 non
557 1510 649 1542 solum
662 1509 832 1542 Christianae
851 1511 1009 1550 Religionis
1019 1536 1028 1551 ,
1046 1514 1108 1544 ὅτε.

272 1549 420 1580 Noverint
440 1550 574 1579 Universi
584 1572 594 1586 ,
613 1550 676 1580 &c.
704 1549 782 1588 quod
798 1550 866 1580 Nos
880 1552 958 1580 Prior
974 1551 1012 1586 ὠ
1028 1557 1186 1581 Conventus
1200 1552 1305 1579 Domus

226 1587 290 1656 ‚goe
315 1589 456 1656 Pgoratus
480 1590 671 1618 canonicorum
689 1588 722 1618 de
745 1587 939 1628 Blythborowe
962 1591 1120 1620 Norwicerz.
1146 1593 1223 1620 Dioc.
1242 1599 1301 1620 uno

267 1635 298 1656 re
367 1635 393 1655 c.

267 1648 396 1703 In’eujus
406 1662 463 1694 Rei
481 1663 700 1695 Testimonium
721 1664 791 1696 huic
807 1663 922 1703 Scripto
943 1664 1042 1695 nostro
1062 1665 1237 1697 Commune
1255 1666 1299 1696 Si-

251 1702 333 1734 illum
357 1701 487 1733 nostrum
508 1702 696 1743 appendimus
724 1704 758 1735 δε
777 1702 873 1735 nostra
894 1703 1028 1736 Nomina
1049 1706 1162 1744 propria
1186 1704 1303 1746 quisque

272 1750 326 1772 anu
339 1741 555 1780 subscripsimus.

264 1822 320 1855 Per
341 1830 390 1855 me
404 1822 566 1863 Johannem
581 1821 724 1862 Ryghton,
740 1817 887 1854 Priorem?

267 1862 325 1893 Per
344 1871 391 1894 me
407 1862 569 1902 Johannem
583 1862 695 1901 Baker,
712 1861 773 1899 &a
792 1872 822 1892 2.
856 1902 860 1907 .
881 1903 885 1907 ·

831 1898 917 1937 sigill.
936 1900 968 1930 de·
984 1905 1054 1930 Cera
1073 1899 1164 1929 rubea.

266 1974 372 2015 Quum
388 1986 418 2007 ea
432 1976 464 2007 lit
481 1986 541 2007 non
555 1975 644 2008 solum
661 1975 832 2008 Christianae
846 1975 1026 2015 Religionis,
1045 1977 1107 2008 &c.

268 2016 418 2047 Noverint
438 2014 592 2054 Universi,
610 2016 670 2047 &c.
704 2015 797 2054 Quod
817 2015 884 2045 Nos
906 2013 1069 2045 Willielmus
1081 2014 1223 2054 Kyrkeby,
1241 2013 1300 2046 Dei

231 2054 366 2085 Patientia
379 2077 388 2092 ,
416 2057 492 2083 Prior
519 2057 622 2084 Domus
644 2057 834 2084 canonicorum
858 2054 890 2083 de
910 2053 1035 2094 Kyrkeby
1058 2053 1163 2084 Bellers
1187 2054 1300 2085 Ordinis

229 2094 325 2122 sancii·
347 2092 493 2132 Augustini
516 2092 642 2122 Lincoln.
662 2095 742 2124 Dioc.
757 2093 791 2124 &
808 2092 930 2132 eiusdem
947 2093 1024 2124 Loci
1041 2096 1199 2124 Conventus
1210 2116 1220 2132 ,
1240 2103 1300 2125 uno

231 2132 294 2162 Ore
329 2133 388 2163 &c.

266 2155 394 2207 In’cujus
408 2169 445 2198 rel
461 2167 677 2199 Testimonium
693 2169 760 2199 huic
777 2169 890 2208 Scripto
909 2170 1010 2201 nostro
1026 2169 1198 2201 Commune
1213 2170 1298 2210 Sigil-

229 2206 290 2237 lum
305 2209 433 2238 nostrum
442 2207 625 2245 appendimus
640 2208 673 2238 ὃς
687 2207 783 2239 nostra
798 2208 932 2239 Nomina
944 2209 1059 2247 proprii
1073 2209 1188 2248 quisque
1204 2210 1297 2242 Manu

230 2246 445 2284 subscripsimus..

264 2323 335 2353 Dat.
355 2323 383 2352 in
405 2324 492 2351 Domo
512 2319 603 2359 nostra
625 2321 778 2360 Capitulari
794 2322 923 2353 Decimo
938 2320 1015 2352 sexto
1030 2321 1089 2353 Die
1108 2317 1217 2355 Mensis
1227 2324 1301 2366 Sep-

227 2363 363 2399 tembris,
382 2360 470 2390 Anno
485 2359 595 2389 Cin-isti
613 2360 774 2392 Millesimo
783 2361 1025 2400 Qiingentefimo
1037 2361 1201 2393 Tricefimo
1217 2375 1301 2403 quar.

228 2406 260 2431 to
270 2422 280 2439 ‚
306 2399 402 2440 Regni
417 2401 488 2431 vero
505 2397 595 2438 Regis
610 2398 700 2429 nostri
716 2400 829 2430 Henrici
842 2400 947 2430 ociavz*
963 2397 1111 2430 Vicesimo
1125 2400 1212 2432 sexto.

265 2473 414 2507 Dominus
432 2475 601 2507 Willielnms
616 2478 644 2504 K
640 2475 755 2515 yrkeby,
774 2475 866 2506 Prior.

266 2515 417 2548 Dominus
431 2513 576 2555 Johannes
593 2514 734 2555 Kyrkeby,
752 2513 815 2550 &a
833 2515 860 2545 8.
887 2555 891 2560 .

861 2549 948 2590 Sigill.
968 2553 1001 2583 de
1019 2555 1087 2583 Cera
1103 2553 1193 2585 rubea.

270 2634 374 2673 Quum
392 2642 422 2665 ea
436 2635 468 2665 iit
480 2641 541 2665 non
557 2632 650 2664 solum
669 2632 839 2664 Christianae
854 2633 1013 2672 Religionis
1023 2656 1033 2671 ,
1052 2635 1112 2666 &c.

269 2673 419 2704 Noverint
432 2673 581 2710 Univerfi,
601 2674 662 2703 &c.
681 2672 761 2709 quod
774 2672 844 2703 Nos
857 2672 989 2702 Robertus
1004 2672 1079 2702 Bone
1093 2675 1220 2704 Decanus
1236 2676 1297 2707 Col-

231 2710 291 2748 legii
312 2714 409 2740 Beatae
432 2713 534 2740 Mariae
560 2712 640 2740 Novi
665 2713 758 2749 Operis
782 2710 933 2751 Leicestriae
954 2710 993 2746 &e
1009 2711 1162 2749 Capitulum
1179 2715 1297 2755 ejusdem

231 2748 356 2779 Lincoln.
373 2758 432 2779 uno
449 2748 526 2786 Ore,
547 2749 607 2778 δίς.

269 2787 302 2817 In
320 2788 398 2825 cujus
416 2788 454 2817 rei
476 2786 694 2817 Testimonium
717 2786 784 2817 huic
804 2786 922 2825 Scripto
944 2787 1042 2818 nostro
1067 2789 1238 2823 Commune
1254 2794 1299 2825 Si-

252 2826 331 2856 illum
356 2826 482 2856 nostrum
507 2825 693 2864 appendimus
715 2827 749 2857 ὃς
771 2825 867 2856 nostra
887 2826 1020 2857 Nomina
1041 2830 1153 2867 propria
1182 2832 1297 2872 quisque

231 2834 328 2896 {flami
344 2863 563 2902 subscripsimus.

269 2941 339 2973 Dat.
359 2942 386 2973 in
410 2944 500 2985 Domo·
513 2940 602 2985 nostro
619 2939 772 2985 Capitnlan'
787 2939 978 2973 Duodecimn
1000 2941 1059 2974 Die
1076 2942 1183 2976 Mensis
1199 2947 1299 2989 Augu-

232 2978 285 3019 sti,
303 2979 393 3011 Anno
407 2979 502 3019 Regni
518 2978 612 3026 Regis
627 2980 715 3010 nostri
730 2982 841 3010 Henrici
856 2980 1125 3018 Oblavt‘Nicesimo
1141 2984 1226 3018 semo,

267 3055 398 3086 Robertus
414 3060 488 3087 Bone
498 3075 508 3095 ,
528 3055 672 3089 Decanus.

267 3133 417 3164 Ni‘cholaus
430 3132 572 3173 Bradfha‚
591 3126 719 3175 &⁶:²⁹
843 3172 922 3213 Sigill
946 3174 979 3206 de
997 3178 1067 3206 Cera
1086 3175 1167 3209 rubea

269 3247 376 3287 Qium
394 3257 424 3279 ea
439 3247 471 3280 fit
487 3256 547 3278 non
561 3247 654 3278 solum
676 3248 847 3280 Christianae
861 3250 1023 3290 Religionis
1035 3278 1043 3292 ‚
1059 3255 1120 3288 &c.

267 3286 418 3318 Noverint
433 3286 570 3317 Universi
580 3309 589 3325 ‚
608 3287 670 3317 ἃς.
697 3287 790 3326 Quod
806 3288 875 3318 Nos
890 3291 984 3319 Reest'or
996 3291 1034 3327 (ᾤ’
1049 3296 1118 3323 Socii
1136 3292 1246 3332 collegii
1254 3293 1295 3336 fi.

232 3330 269 3355 sve
284 3324 398 3364 Capellae
416 3327 509 3355 Beatae
526 3327 628 3355 Mariae
644 3325 676 3354 de
688 3325 810 3364 Slapton.
827 3328 919 3357 Exon.
929 3332 1005 3358 Dioc.
1021 3341 1081 3361 uno
1097 3332 1158 3362 Ore
1168 3356 1177 3369 ,
1196 3334 1257 3364 &c.

269 3363 303 3394 ln
318 3364 397 3402 cujus
417 3364 457 3394 rei
478 3363 696 3394 Testimonium
717 3365 784 3395 huic
804 3364 920 3403 Scripio
943 3367 1042 3398 nostro
1063 3369 1235 3403 Commune
1250 3373 1293 3404 Si-

232 3402 330 3472 ffllum
356 3400 485 3446 nostrum
507 3403 692 3439 appendimus
714 3404 748 3435 ὃς
775 3403 869 3435 nostra
890 3404 1025 3438 Nomina
1049 3409 1164 3447 propria
1183 3412 1297 3451 quisque

273 3451 326 3472 anu
341 3438 553 3477 subscripsimus.

230 3556 233 3559 Ι
272 3517 343 3548 Dat.
363 3517 392 3546 in
411 3520 502 3561 ,Domo
517 3515 615 3559 'nostra
639 3511 792 3562 Capifulari
816 3518 931 3561 Qarto
957 3520 1017 3552 Die
1034 3522 1143 3554 Mensis
1157 3524 1296 3567 Augusti,

233 3554 324 3587 Anno
347 3555 456 3599 Christi
477 3554 634 3599 Millesimo
654 3556 892 3601 Qiingentelirno
914 3558 1077 3600 Trigesimo
1098 3572 1215 3604 quart0,
1233 3565 1295 3597 Re-

232 3600 282 3634 gni
296 3595 366 3628 vero
382 3593 472 3634 Regis
485 3593 574 3625 nostri
588 3595 700 3625 Henrtci
714 3595 820 3625 celavi
838 3595 985 3629 Viceiimo
999 3600 1084 3630 sexto.

701 3669 787 3708 sigill.
805 3667 836 3701 de
852 3675 921 3702 Cera
940 3675 1030 3706 rubea.

267 3744 372 3785 Qum
386 3758 418 3779 ea
433 3748 466 3780 fit
480 3757 540 3779 non
558 3747 646 3780 solum
664 3747 832 3781 Christianoe
858 3751 1031 3790 Religionis,
1048 3753 1107 3783 &a

267 3784 416 3817 Noverint
437 3787 589 3825 Universi‚
609 3789 669 3819 ἃς.
708 3789 799 3827 Quod
828 3790 896 3819 iv'eir.
917 3785 1063 3828 Johannes
1077 3791 1177 3823 Abbas
1191 3794 1294 3826 Mona-

226 3821 304 3863 sterii
318 3825 412 3854 Beatae
428 3829 527 3858 Martie
544 3829 665 3864 Virginis
682 3827 714 3857 de
731 3829 906 3865 Tewkesbory
920 3830 1031 3859 Ordinis
1046 3832 1138 3860 Saucia·
1149 3835 1292 3865 Benedilffi

232 3864 357 3898 Wigorn.
371 3865 445 3893 Dioc.
459 3867 492 3897 &
507 3865 630 3903 ejusdem
649 3866 724 3897 Loci
736 3871 909 3906 Conventus,
930 3878 988 3896 uno
1003 3868 1078 3905 Ore,
1094 3871 1155 3900 ὕες.

266 3898 299 3929 In
317 3900 394 3938 cujus
411 3902 450 3931 rei
468 3903 681 3935 Testimonium
698 3906 765 3936 huic
790 3906 904 3945 Scripta
928 3906 1025 3937 noiiio
1050 3906 1220 3942 Commune
1249 3912 1293 3943 Si-

229 3935 330 4007 ffilum
339 3938 477 4006 snostrum
502 3944 685 3981 appendimus
710 3946 742 3976 «Sc
763 3944 855 3976 nostra
879 3945 1014 3976 Nomina
1035 3947 1145 3984 propria
1175 3950 1291 3989 quisque

269 3986 325 4007 anu
350 3977 557 4016 ubscripfimus.

257 4050 328 4087 Dat·
345 4052 376 4084 in
396 4054 483 4085 Domo
504 4055 593 4095 noſtra
610 4060 764 4100 Capitulum·
785 4061 937 4095 vicesimo
960 4062 1081 4096 oeiavo
1101 4063 1160 4096 Die
1177 4064 1289 4098 Mensis

238 1009 340 1079 ffilum
363 1007 494 1039 nostrum
516 1009 704 1048 appendimus
728 1008 762 1040 ὅ(
784 1008 880 1042 nostra
899 1009 1036 1043 Nomina
1058 1014 1171 1052 propria
1192 1013 1309 1053 quisque

1383 152 1853 206 PUBLICA.

1353 284 1429 314 sexto
1436 305 1443 313 .

1388 360 1533 398 Johannes
1551 361 1658 392 Abbas.

1389 399 1550 430 Ea'muna'us
1563 401 1711 441 Standley‚
1727 402 1788 438 &c.
1812 404 1859 444 36.

1927 447 2008 484 Sigill.
2026 450 2058 480 de
2076 457 2146 483 Cera
2163 458 2255 491 rubea.

1391 513 1502 559 Qum
1512 520 1543 547 ea
1556 516 1587 547 fii
1600 527 1659 562 non
1674 518 1767 550 solu'm
1782 518 1953 552 Christianae
1971 522 2146 567 Religionis,
2174 534 2234 564 ὅτε,

1388 553 1537 600 Noverint
1552 555 1706 596 Univerfi,
1725 558 1786 604 &CI
1807 559 1886 596 quod
1903 560 1937 591 N
1939 572 1972 606 os
1986 563 2098 594 Thomas
2114 572 2206 611 Smyth
2222 574 2297 603 Prior
2312 569 2413 607 Domus

1346 590 1410 631 five
1423 594 1565 622 Prioratus
1585 597 1682 625 Beatae
1698 599 1802 627 Mariae
1814 597 1846 627 de
1861 600 1996 631 W'roxton
2011 605 2041 631 in
2054 607 2126 634 Com.
2142 607 2160 625 *ὅ
2179 611 2267 639 Oxon.

1353 633 1430 660 Dioc.
1449 631 1483 661 &
1496 632 1621 669 ejusdem
1637 633 1713 665 Loci
1737 639 1892 666 conventus
1905 661 1914 677 ,
1934 649 1993 670 uno
2012 640 2089 680 Ore,
2105 643 2167 674 δατ.

1348 706 1448 776 ffllum
1469 707 1601 739 nostrum
1621 711 1806 749 appendimus

1391 755 1444 777 anu
1460 745 1680 786 subscripsimus.
1830 715 1864 746 ὅ(
1888 715 2025 748 Nomina
2045 719 2139 751 nostra
2162 725 2278 760 propria
2302 730 2415 767 quisque

1387 821 1500 854 Datum
1521 825 1551 868 in
1568 827 1661 869 'Dorno
1680 826 1770 866 nostra
1791 830 1944 869 capitulari
1957 833 2045 865 Sexto
2068 834 2126 867 Die
2147 837 2256 869 Menfis
2279 832 2397 874 Auvusti

1350 857 1439 892 Anno
1452 862 1575 894 Domini
1590 864 1746 897 Millefimo
1759 867 2001 909 Quingentefimo
2015 874 2181 908 Tricefimo
2193 885 2306 916 quarto.
2326 865 2345 882 τ’
2405 866 2415 882 ’

1387 937 1444 969 Per
1462 949 1508 971 me
1526 940 1653 972 Thomam
1668 944 1804 982 Priorem,
1822 945 1940 978 ibidem.

1384 976 1529 1015 Johannes
1547 981 1695 1022 Banbuqy,
1712 982 1773 1019 &c.
1793 985 1821 1015 8.

1799 1061 1884 1100 Sigill.
1903 1063 1936 1094 de
1954 1067 2026 1095 Cera
2041 1066 2132 1098 rubea.

1387 1128 1540 1178 Qum—ea
1555 1134 1585 1166 fit
1599 1146 1660 1167 non
1678 1136 1770 1180 solum
1786 1137 1957 1172 Christianae
1980 1141 2156 1183 Religionis,
2175 1145 2236 1177 &a

1349 1175 1354 1186 ‘
1384 1170 1532 1203 Noverint
1554 1173 1705 1221 Univerli,
1723 1176 1786 1221 -&c.
1808 1179 1889 1224 quod
1912 1180 1980 1210 Nos
1997 1183 2130 1212 Andreas
2147 1185 2302 1225 Withmaye
2319 1191 2414 1227 Magi·

1338 1208 1399 1252 ster
1408 1210 1472 1249 five
1486 1211 1576 1256 Custos
1590 1213 1739 1261 Hospitalis
1753 1217 1848 1246 Sandlt
1866 1218 2052 1250 Bartholomei
2066 1224 2094 1250 V
2094 1221 2150 1251 illae
2163 1223 2315 1265 Gloceslriae
2327 1228 2360 1258 &
2384 1239 2414 1259 e-

1341 1247 1453 1318 gscdem
1473 1250 1626 1289 Hospitalis
1647 1256 1715 1284 Socn
1732 1253 1796 1294 five
1818 1255 1977 1296 confratres
2004 1260 2129 1297 Wigorn.
2152 1264 2230 1293 Dioc.
2249 1273 2309 1294 uno
2331 1265 2414 1304 Ore²

1381 1325 1414 1356 In
1430 1325 1510 1364 cujus
1529 1329 1567 1358 rei
1580 1328 1796 1361 Testimonium
1810 1332 1878 1364 huic
1892 1332 2005 1374 Scripto
2018 1335 2118 1369 nostro
2133 1337 2264 1377 Sigillum
2285 1341 2417 1376 nostrum

1345 1362 1517 1409 Commune
1546 1368 1726 1412 apposuimus
1747 1371 1780 1401 &
1805 1371 1883 1403 idem
1912 1376 2025 1413 propria
2058 1374 2102 1407 sua
2130 1376 2224 1409 Manu
2252 1379 2416 1415 nostrorum

1343 1403 1462 1442 quilibet
1477 1404 1646 1444 subscripsit.

1380 1479 1492 1525 Datum
1514 1482 1544 1513 in
1566 1486 1653 1529 Domo
1674 1483 1766 1529 nostra
1785 1486 1938 1525 Capitulari
1951 1497 2051 1527 quarto
2072 1489 2131 1521 Die
2153 1490 2261 1525 Menfis
2279 1495 2412 1534 septam·

1344 1517 1413 1558 bris,
1428 1520 1518 1551 Anno
1533 1521 1644 1553 Christi
1659 1522 1816 1555 Millefimo
1828 1526 2069 1566 Qingentefimo
2081 1530 2246 1564 Tricefimo
2261 1543 2370 1573 quarto.
2406 1535 2410 1537 ’

1380 1595 1435 1626 Per
1449 1607 1497 1628 me
1510 1597 1680 1631 Dominum
1693 1601 1841 1633 Andrean:
1857 1602 2013 1646 Whitmay.

1380 1634 1490 1672 Johan.
1511 1637 1648 1674 Henbrye.

1382 1672 1491 1710 Johan.
1507 1675 1651 1715 Harsfyldi

1382 1713 1477 1751 Harry
1489 1715 1513 1741 F
1513 1723 1630 1744 rancum.

1812 1755 1900 1794 Sigill.
1917 1758 1950 1787 de
1966 1761 2036 1788 Cera
2054 1758 2131 1791 alba.

1383 1825 1487 1865 Qium
1499 1833 1531 1859 ea
1544 1829 1576 1859 sit
1593 1839 1652 1860 non
1667 1829 1760 1860 solum
1778 1829 1952 1863 Christianae
1964 1832 2142 1875 Religionis,
2159 1837 2223 1869 &ej

1384 1864 1533 1898 Noverint
1548 1867 1683 1899 Univerfi
1693 1870 1769 1907 ,&c.
1791 1870 1882 1908 Quod
1894 1871 1962 1901 Nos
1978 1874 2107 1912 Magister
2121 1874 2160 1910 ὠ·
2176 1874 2335 1917 Confratres
2348 1882 2411 1913 Col..

1345 1902 1405 1940 legii
1419 1904 1451 1934 de
1464 1904 1633 1943 Rufhworth
1645 1909 1802 1938 Norwicen.
1820 1912 1897 1939 Dioc.
1917 1920 1976 1940 uno
1995 1913 2075 1950 Ore,
2093 1915 2154 1945 ἃς,

1382 1941 1415 1972 In
1429 1944 1509 1980 cujus
1530 1946 1569 1975 rei
1586 1945 1802 1977 Testimonium
1828 1949 1895 1978 huic
1922 1949 2035 1990 Scripto
2054 1951 2153 1982 nostro
2179 1952 2348 1989 Commune
2365 1960 2411 1990 Si·

1342 1980 1442 2049 ffllum
1465 1982 1597 2028 nostrum
1619 1986 1808 2022 appendimus
1832 1988 1866 2018 ὅ(
1889 1987 1984 2018 nostra
2007 1989 2142 2022 Nomina
2164 1995 2274 2032 propria
2294 1998 2410 2037 quisque

1383 2028 1439 2051 anu
1452 2020 1669 2060 subscripsimus.

1381 2095 1492 2128 Datum
1514 2100 1543 2128 in
1566 2102 1652 2129 Domo
1673 2099 1764 2139 nostra
1782 2100 1932 2138 capitulari
1954 2101 2101 2135 Vicefimo
2124 2108 2226 2144 quinto
2248 2108 2308 2140 Die
2319 2107 2407 2144 Men*

1341 2135 1373 2165 fis
1393 2136 1535 2175 Augusti,
1554 2137 1643 2168 Anno
1663 2137 1789 2169 Domini
1812 2139 1971 2171 Millefimo
1990 2142 2228 2183 Qiingeniesimo
2246 2148 2408 2185 Tricesimo

1343 2183 1451 2213 quarto.

1380 2254 1504 2288 Georgius
1521 2253 1673 2293 Wndam,
1693 2252 1831 2294 Magister
1846 2254 1972 2294 Collegii
1988 2258 2123 2295 praediisti.

1380 2289 1494 2320 Thomas
1508 2291 1692 2330 Barnrfildl,
1710 2291 1770 2327 &c.
1789 2302 1820 2332 4.

1814 2368 1899 2407 Sigill.
1918 2369 1950 2401 de
1968 2375 2038 2402 Cera
2055 2373 2147 2405 rubea.

1380 2444 1483 2483 Quum
1499 2455 1531 2475 ea
1546 2446 1579 2476 fit
1596 2455 1654 2476 non
1672 2445 1762 2476 solum
1779 2444 1948 2478 Christianae
1965 2447 2141 2489 Religionis,
2159 2453 2220 2488 &c.

1377 2483 1528 2514 Noverint
1543 2484 1695 2521 Univerfi,
1713 2485 1775 2515 &c.
1790 2485 1871 2524 quod
1886 2486 1955 2516 Nos
1972 2487 2115 2525 Johannes
2130 2491 2197 2521 Bell
2212 2492 2407 2529 Decretorum

1340 2521 1459 2553 Doistor
1479 2522 1570 2561 Custos
1577 2522 1640 2562 five
1656 2523 1813 2553 Gardianus
1829 2523 1950 2565 Ecclefiae
1969 2525 2123 2563 Collegiatae
2137 2530 2169 2559 de
2185 2533 2345 2571 Stradfhrde
2353 2536 2405 2576 ffi-

1335 2566 1385 2598 per
1405 2564 1541 2591 Avonam
1564 2562 1688 2600 PVzgorn.
1703 2564 1782 2592 Dioc.
1807 2564 1840 2595 δε
1862 2563 1986 2602 ejuidem
2009 2565 2087 2596 Loci
2101 2569 2254 2606 Capitulum
2262 2573 2327 2612 five
2339 2579 2409 2607 Con-

1332 2597 1460 2638 fratres,
1479 2606 1539 2631 uno
1555 2600 1634 2637 Ore,
1653 2601 1714 2631 ἃς.
2121 2617 2126 2621 ·

1377 2637 1410 2667 In
1427 2640 1505 2675 cujus
1520 2640 1558 2670 rei
1574 2638 1794 2670 Testimonium
1817 2638 1885 2670 huic
1911 2639 2026 2678 Scripto
2047 2643 2146 2675 nostro
2170 2645 2343 2682 Commune
2364 2652 2409 2684 Si=

1338 2676 1436 2716 gillum
1451 2677 1580 2708 nostrum
1596 2678 1782 2718 appendimus
1796 2678 1829 2709 ὃς
1839 2678 1932 2709 nostra
1941 2678 2076 2713 Nomina
2088 2686 2198 2722 propria
2214 2688 2332 2728 quisque
2342 2690 2410 2724 Mam

1343 2725 1383 2746 nu
1396 2715 1612 2754 subscripsimus.

1354 2825 1357 2829 Α
1375 2792 1443 2823 Dat.
1465 2793 1496 2823 in
1519 2797 1606 2838 Domo
1622 2792 1713 2838 nostra
1730 2792 1886 2838 Capitolari
1907 2793 2127 2844 vicesimo-Die
2142 2798 2251 2833 Menfis
2265 2802 2401 2847 Augusti,

1339 2830 1429 2862 Anno
1442 2830 1570 2863 Domini
1588 2832 1747 2863 Millesimo
1759 2834 2001 2872 Qingenieiimo
2016 2834 2179 2871 Tricefiino
2194 2851 2307 2881 quarto.

1377 2907 1521 2947 Johannes
1536 2906 1613 2948 Bell,
1631 2909 1811 2941 Guardianus
1827 2909 1918 2942 Manu
1953 2911 2055 2950 ropria.

1378 2946 1540 2978 Willielmus
1556 2953 1655 2987 crate,
1674 2949 1882 2986 Subgardianus
1938 2960 1992 2981 anu
2007 2951 2129 2992 proprii.

1377 2985 1508 3016 iRobertus
1526 2987 1688 3027 Mydylton,
1707 2988 1882 3019 Praecentor.

1378 3023 1547 3062 Humfrydus
1559 3026 1657 3056 Sadler
1695 3025 1828 3058 Curatils.

1376 3065 1509 3093 Ricardus
1522 3069 1638 3104 Barros,
1657 3049 1793 3097 (sicarius.

1378 3100 1494 3133 Thomas
1506 3103 1635 3142 Reddell,
1653 3103 1793 3136 Vicarius.

1809 3177 1894 3219 Sigill.
1912 3174 1944 3211 de
1960 3182 2030 3211 Cera
2047 3182 2143 3216 rubea.

1371 3252 1474 3325 gisum
1489 3265 1521 3286 ea
1538 3255 1646 3287 fit'non
1662 3255 1754 3288 solum
1771 3255 1941 3289 Christianae
1958 3257 2137 3300 Religionis,
2158 3263 2222 3300 &a

1407 3296 1518 3326 overint
1541 3294 1695 3334 Universi,
1713 3297 1773 3326 &c.
1813 3296 1904 3335 Qiod
1923 3296 1993 3328 Nos
2010 3302 2091 3336 Magi
2115 3311 2143 3330 er
2158 3302 2222 3341 five
2235 3302 2323 3343 Custos
2338 3307 2399 3335 Do-

1334 3342 1392 3363 mus
1407 3334 1469 3374 five
1490 3333 1641 3372 Hospitalis
1656 3336 1751 3364 Sandli
1792 3334 1904 3365 ohannis
1921 3336 2054 3376 Baptistae
2121 3341 2254 3369 Warwico
2269 3345 2395 3380 Wigorn.

1335 3375 1412 3402 Dioc.
1432 3373 1465 3403 ὃς
1480 3373 1600 3410 ejusdem
1617 3373 1673 3404 loci
1690 3377 1745 3403 Con
1762 3381 1869 3409 ratres,
1888 3384 1945 3404 uno
1970 3374 2050 3413 Ore,
2066 3378 2124 3407 &e

1372 3411 1406 3441 In
1425 3411 1505 3449 cujus
1525 3413 1563 3441 rei
1582 3411 1797 3443 Testimonium
1824 3414 1891 3444 huic
1916 3413 2030 3450 Scripto
2050 3414 2148 3444 nostro
2168 3415 2337 3450 Commune
2354 3421 2398 3451 Si-

1354 3447 1432 3480 illum
1463 3448 1594 3479 nostrum
1624 3451 1809 3490 appendimus
1830 3452 1863 3482 ὃς
1884 3449 1979 3481 nostra
1997 3451 2130 3482 Nomina
2152 3456 2263 3494 proprisi.
2283 3459 2398 3498 quisque

1333 3458 1428 3519 {flami
1442 3486 1658 3525 subscriplimus.

1371 3564 1438 3595 Dat.
1464 3565 1493 3594 in
1519 3566 1607 3593 Domo
1622 3563 1712 3604 nollra
1733 3561 1887 3604 capitulari
1906 3566 2039 3597 vicefimo
2059 3566 2183 3598 secundo
2205 3567 2265 3600 Die
2291 3571 2399 3605 Mensis

1335 3602 1478 3641 Augusti,
1510 3601 1600 3633 Anno
1628 3603 1754 3634 Domini
1783 3605 1940 3636 Millesimo
1969 3605 2204 3645 Quingentefimo
2232 3608 2397 3644 Tricefimo

1335 3650 1447 3680 quarto.

1368 3718 1423 3749 Pei·
1437 3727 1484 3748 me
1502 3716 1646 3747 Robertum
1662 3718 1788 3756 Barake,
1808 3716 1988 3757 Magistrum.

1371 3757 1427 3788 Per
1441 3767 1488 3788 me
1506 3755 1664 3795 Johanmm
1677 3757 1749 3795 Cok,
1767 3757 1961 3788 Confratrern.

1841 3833 1925 3872 Sigill.
1944 3833 1978 3862 de
1988 3836 2058 3863 Cera
2077 3835 2171 3867 viridi.

1372 3911 1478 3948 Quum
1496 3918 1527 3941 ea
1541 3911 1574 3941 fit
1587 3917 1646 3939 non
1663 3908 1756 3940 solum
1773 3908 1942 3940 Christianos
1958 3909 2133 3950 Religionis,
2149 3913 2210 3944 &c-

1373 3950 1521 3980 Noverint
1538 3948 1690 3987 Universi,
1710 3949 1770 3979 &c.
1796 3949 1888 3986 Qiod
1913 3948 1983 3980 Nos
2005 3951 2136 3989 Magister
2151 3951 2189 3987 όν
2201 3954 2268 3984 Soeii
2287 3954 2397 3996 Colkgii

1331 3991 1426 4019 sancii
1442 3990 1562 4025 Gregorii
1576 3986 1607 4016 de
1619 3988 1702 4026 Wye,
1717 3997 1776 4016 uno
1791 3988 1852 4016 Ore
1862 4011 1869 4017 .
1888 3987 1948 4018 δίε.

1367 4027 1397 4057 ln
1415 4027 1494 4064 cujus
1509 4027 1545 4056 rei
1563 4024 1777 4055 Testimonium
1799 4025 1927 4064 Sigillum
1945 4026 2075 4057 nostrum
2093 4029 2280 4069 appendimus
2293 4033 2327 4065 &
2338 4043 2391 4063 no-

1331 4065 1386 4098 stra
1401 4065 1534 4097 Nomina
1547 4063 1661 4102 propria
1677 4064 1793 4103 quisque
1815 4063 1909 4133 ΙὲΛυω
1928 4066 2093 4103 icripfitnus.
2334 4105 2367 4136 D

1856 4112 1873 4133 c
1893 4112 1908 4143 3
2368 4117 2396 4137 a«

2284 615 2408 646 Lincoln.
2425 631 2443 649 ff
2458 628 2541 665 XIV:

1391 668 1421 698 ln
1436 669 1515 707 cujus
1530 671 1568 700 rei
1583 670 1799 704 Testimonium
1820 675 1888 708 huic
1910 677 2026 716 Scripto
2053 680 2152 711 nostro
2178 682 2344 720 Commune
2367 672 2490 722 Si-5¹8'
2532 668 2541 672 ⁴
