2542 4274
778 153 888 196 ET
971 153 1234 198 ACTA

37 249 114 280 Anu.
127 248 168 278 D.
180 245 308 284 Angliae,
325 244 458 276 volumus
471 236 503 273 δε
517 236 720 278 consentimus,
739 241 798 271 tam
815 244 933 271 Nomine
955 243 1042 281 nostro
1066 243 1153 280 quarn
1170 240 1237 271 Illu-

60 296 142 320 1521·

40 332 103 355 Hm.
124 324 150 351 8.

37 366 59 385 0
87 363 170 390 XIII.

82 410 147 438 749·

46 2068 177 2102 'AnnD

70 2117 143 2146 1521

47 2152 102 2176 An.
121 2157 149 2183 ¹3

48 2190 84 2214 H.
114 2187 140 2215 8.

47 2228 90 2253 Ex
107 2227 165 2252 Au-

46 2271 111 2298 rogr.

99 3494 189 3524 XIII.

107 3540 171 3567 750.

183 286 306 315 striffimi
320 286 396 321 Regis
411 284 555 312 Navarra-³
570 280 712 310 Cariffimi
728 279 939 316 Consanguinei
955 291 986 310 ac
1017 282 1114 312 Fratris
1136 280 1239 315 nostri,

182 326 216 356 &
237 323 358 353 Domini
378 321 413 350 de
433 319 541 357 Sedan,
558 319 667 348 Roberti
690 319 720 348 de
740 317 769 347 la
785 320 872 347 Mark
889 318 1101 357 Consanguinei
1125 327 1240 349 necnon

186 361 285 392 Militis
302 360 322 380 ²*
342 359 457 390 Ordinis
481 358 586 395 nostri,
612 367 664 395 pro
684 358 716 387 ὃ(
738 358 855 387 nomine
878 367 999 396 quorum
1022 358 1241 394 Promittimus,

186 399 265 437 quod
279 398 423 428 Contenta
442 399 469 427 in
485 396 662 434 praesentibus
680 395 780 425 Literis
802 395 991 426 Abstinentiae
1004 395 1073 426 Belli
1095 395 1240 426 habebunt

184 446 260 475 grata
274 445 329 468 rata
352 437 385 467 &
407 436 506 473 firma,
524 435 604 474 quod
627 445 642 464 a
658 434 734 464 dreia
750 433 891 472 Vigeiima
914 435 1009 472 quinta
1024 434 1083 464 Die
1099 433 1240 471 praesentis

185 475 293 508 Menfis
303 475 371 514 Julii
386 474 470 513 usque
485 474 518 504 ad
535 474 588 504 Sex
611 473 786 510 Septimanas
808 472 972 502 immediate
995 472 1154 514 sequentes,
1172 481 1242 511 qua-

186 524 251 546 rum
266 514 496 545 Ebdomadarum
512 512 576 541 finis
591 513 639 541 erit
654 512 699 541 die
716 511 793 541 nona
809 511 982 550 Septembris
995 512 1113 548 inclusa,
1132 511 1165 541 fit
1181 510 1243 540 Ab-

187 553 317 584 stinentia
333 552 400 583 Belli
415 553 485 582 inter
503 553 563 580 Nos
574 550 684 580 dictum
704 552 799 587 Regem
812 551 956 579 Navarrae
969 548 1158 585 &Robertnm
1173 547 1242 577 dela

188 594 276 623 Mark
291 593 322 623 &
336 591 505 629 jamdictum
521 586 643 656 CaAlellae
657 590 770 630 Regem,

197 642 200 644 ·
227 631 263 662 Et
287 631 367 669 quod
383 639 497 667 uterque
510 638 549 658 no
577 626 642 656 turn
665 627 747 657 simul
765 636 877 657 exnunc
893 625 1012 656 destinet
1035 625 1244 657 Caduceatotes

189 671 234 703 seu
251 670 386 701 Nuncios
401 668 474 706 apud
498 666 643 697 Exercitus
666 665 778 695 nostros
794 667 828 697 &
842 665 908 695 alibi
923 665 973 695 ubi
986 675 1057 703 opus
1076 665 1144 701 erit,
1164 664 1197 693 ad
1211 663 1244 692 ‹i-

189 709 379 749 gnificandam
394 708 438 737 seu
453 703 652 744 publicandam
665 703 774 734 dic'tam
790 703 858 734 Belli
876 702 1082 733 Abstinentiam
1093 726 1102 742 ‚
1121 702 1244 739 Diesque

187 752 224 781 de
240 748 393 780 communi
408 743 552 776 Consensu
574 741 754 773 constituatur
770 741 826 780 qua
840 742 917 771 diota
934 741 1108 780 significatio
1130 744 1174 772 (eu
1188 740 1246 771 Pu·

221 791 224 795 '
246 812 252 819 ,
276 790 280 794 ”
321 785 374 815 fiet.

186 790 303 866 bhgittii)
318 822 530 860 Significatione
553 819 598 850 seu
619 819 813 850 Publicatione
844 817 936 858 faeta,
963 819 1171 856 promittimus,
1197 818 1246 848 sub

188 867 259 898 Fide
276 863 367 895 nostra
385 863 417 892 &
433 861 463 890 in
481 859 579 889 Verbo
595 858 641 889 Re
662 859 700 896 is,
719 867 770 895 pro
794 859 825 888 ὃ(
847 859 963 887 Nomine
987 856 1072 897 nestro
1096 859 1128 889 &
1152 857 1247 888 dieto-

193 915 259 937 rum
277 905 353 939 Regis
369 901 533 934 Navarrae,
552 898 585 928 δε
601 867 711 927 Βοῗενή
725 896 757 925 de
771 895 799 925 la
814 895 917 933 Mark,
936 897 1015 933 quod
1032 898 1091 925 Nos
1102 919 1110 930 ,
1128 906 1160 926 ac
1176 905 1248 933 prae-

191 944 241 974 fati
266 946 326 972 Rex
346 941 492 968 Navarrae
519 935 557 970 όν
580 935 711 966 Robertus
734 934 810 964 dela
833 935 919 964 Mark
937 935 1122 972 Armigeri&
1136 934 1247 964 Subditi

190 980 298 1016 nostri,
314 979 435 1015 sincere,
453 975 536 1005 omni
550 974 617 1004 dolo
631 975 662 1005 &
676 973 771 1004 fraude
783 973 958 1011 postponitis,
977 973 1142 1003 ceffabimus
1156 973 1246 1005 &ab-

191 1020 356 1051 stinebimus
370 1017 405 1046 ab
416 1015 496 1044 omni
511 1011 634 1043 Offenso
647 1014 680 1044 &
696 1013 791 1050 Bello,
808 1013 923 1042 durante
938 1012 1016 1042 dieto
1033 1021 1178 1049 tempore,
1196 1011 1247 1041 ad-

189 1057 283 1089 versus
306 1059 399 1093 Regem
420 1051 541 1092 Castellae
561 1051 730 1089 praedkfftum
755 1052 921 1087 Armigeros
943 1050 1076 1081 Subditos
1094 1051 1126 1080 ὅ(
1143 1049 1248 1080 Patrias

190 1098 266 1135 suas,
282 1096 401 1127 Provno
412 1092 491 1132 quod
508 1091 598 1120 dietus
611 1093 670 1120 Rex
688 1089 807 1129 Castellae
824 1089 1127 1128 Armigeri&8ubditi
1140 1088 1177 1118 sui
1188 1099 1247 1118 non

190 1135 390 1175 provocabunt
406 1141 460 1161 nec
475 1129 640 1160 insultabunt
654 1131 729 1167 Nor,
747 1129 858 1159 dietum
875 1132 969 1166 Regem
983 1130 1129 1157 Novarrae
1140 1125 1177 1161 ῤ’
1193 1130 1248 1157 Ro-

192 1178 298 1206 bertum
309 1173 341 1202 a'e
356 1170 384 1201 la
399 1169 485 1199 Mark
502 1168 663 1207 Armigeros
679 1169 711 1198 ὃ(
729 1167 862 1198 Subditos
884 1166 995 1198 nostros
1019 1165 1177 1204 Patriasque
1192 1176 1247 1196 no-

194 1215 260 1245 stras
278 1221 340 1250 quoe
355 1219 432 1240 nunc
447 1207 634 1246 poffidemus3
787 1246 791 1250 .
864 1245 868 1250 ⁵
970 1244 976 1250 -
1154 1244 1159 1249 ι

231 1253 267 1283 Et
288 1249 387 1289 qued,
419 1247 532 1277 durante
573 1244 686 1275 reedisla
710 1244 887 1275 Abstinenna
910 1244 995 1282 Belli,
1023 1243 1083 1274 Res
1107 1242 1247 1282 utriusque

194 1290 325 1322 nostrum
346 1295 427 1316 erunt
452 1286 484 1316 δε
512 1284 552 1314 sta
574 1293 624 1314 unt
647 1284 674 1313 in
689 1282 766 1313 Statu
785 1285 812 1312 in
828 1294 884 1321 quo
899 1293 973 1314 nunc
998 1282 1075 1321 sunt,
1095 1282 1196 1322 absque
1210 1291 1247 1312 eo

192 1329 274 1370 quod
292 1326 395 1365 aliquid
408 1325 437 1354 in
450 1324 624 1354 contrarium
639 1331 818 1360 attemptetur
832 1331 879 1353 aut
894 1324 1052 1352 innovetur.

231 1405 265 1435 In
288 1412 411 1443 quorum
427 1399 526 1443 Fidem
549 1401 583 1431 &
597 1398 812 1429 Testimonium
828 1397 1010 1442 praesentibus
1025 1397 1141 1436 Lireris,
1157 1397 1250 1428 Manu

193 1443 288 1475 nostra
303 1441 430 1479 signatis,
451 1437 585 1475 Sigillum
601 1437 730 1467 nostrum
745 1446 850 1474 apponi
861 1438 1000 1474 Juliimus.

229 1519 338 1549 Datum
357 1513 495 1552 Argiliaci
514 1513 559 1543 die
574 1512 669 1543 Prima
686 1512 793 1543 Mensis
811 1512 899 1550 Julii,
924 1512 1011 1543 Anno
1034 1512 1159 1543 Domini
1182 1511 1251 1541 Mil-

189 1558 288 1590 iefimo
310 1552 552 1593 Quingentefimo
568 1552 712 1583 Vicesimo
725 1551 882 1590 Prim0,&
898 1551 992 1590 Regni
1009 1551 1098 1582 nostri
1112 1551 1252 1589 Septimo.

912 1628 967 1659 Fit
978 1637 997 1658 A
1008 1637 1030 1658 N
1040 1638 1057 1659 c
1067 1640 1087 1659 o
1097 1638 1115 1658 Y
1125 1637 1147 1659 s.

1029 1707 1082 1735 Per
1098 1708 1205 1743 Regem.

991 1781 1251 1813 ROBERTET,

1319 147 1350 190 P
1392 148 1434 190 U
1474 151 1505 190 Β
1530 148 1578 191 'L
1614 149 1633 190 I
1672 152 1710 193 C
1741 152 1790 193 A.
2267 161 2347 199 197

1275 236 1401 273 toribus,
1422 233 1695 273 Ambaffiatoribus,
1715 235 1936 274 Commissartis,
1963 233 2094 276 Legatis,
2121 241 2168 266 aut
2189 230 2341 272 Deputatis

1279 274 1453 312 Requirendi
1475 273 1646 311 Recipiendi
1661 275 1695 304 &
1711 275 1908 312 Acceptandi,

1319 315 1363 343 Ac
1386 312 1586 349 juramentum
1608 314 1638 342 in
1663 313 1796 342 Animam
1820 312 1943 342 nostram
1967 312 2119 343 Praestandi
2133 311 2213 350 quod
2232 309 2342 343 tenebi-

1281 361 1344 381 mus
1365 352 1397 382 &
1413 351 1651 388 adimplebimus,
1667 351 1773 381 realiter
1792 351 1824 381 &
1838 360 1904 380 cum
1919 349 2040 386 effettu,
2065 352 2164 381 omnia
2187 351 2219 381 &
2238 350 2342 389 singula

1279 399 1345 428 quae
1368 391 1396 418 in
1422 388 1575 419 Praennffis
1598 391 1631 421 &
1653 390 1728 419 circa
1750 399 1782 418 ea
1798 388 1930 418 Nomine
1948 388 2047 418 nostro
2062 389 2153 420 dietus
2178 389 2339 419 Locumte⁴

1279 438 1348 457 nens
1364 427 1476 464 noster,
1494 428 1537 457 vel
1550 428 1586 457 ab
1598 438 1635 458 eo
1652 428 1787 466 Deputati
1803 435 1849 456 aut
1858 425 2026 464 Substituti,
2044 427 2248 465 concordabit,
2262 437 2339 458 con-

1279 467 1391 504 veniet,
1413 466 1534 504 jurabit,
1556 465 1698 504 firmabit,
1723 467 1756 497 ὃ(
1777 464 1949 501 concludet,
1970 465 2204 503 concordabunt,
2230 475 2339 496 conve«

1280 506 1379 541 nient,
1395 505 1547 543 jurabunt,
1564 504 1732 542 firmabunt,
1752 505 1784 535 &
1801 503 1993 540 concludent,
2010 504 2044 533 &
2062 504 2140 540 quod
2158 504 2206 533 Illa
2219 504 2339 534 ratifica-

1281 544 1390 579 bimus,
1406 543 1438 573 &
1454 542 1532 572 nullo
1549 553 1672 583 unquam
1686 552 1816 580 tempore
1831 541 2046 578 revocabimus,
2065 551 2118 571 nec
2132 551 2230 572 contra
2242 552 2274 572 ea
2291 542 2338 574 vel

1282 591 1380 611 eorum
1395 581 1507 620 aliquod
1522 583 1686 619 veniemus,

1318 619 1681 658 simileque-juramentum
1696 630 1712 650 a
1728 618 1845 657 praefato
1862 620 1960 647 Fratre
1972 615 2062 659 nostro
2077 615 2234 647 Carissimo
2244 642 2254 657 ,
2266 619 2337 650 e'usa

1282 667 1317 688 ve
1333 657 1520 695 Oratoribus,
1539 658 1809 695 Amballiatoribus,
1828 656 2054 692 Commiflariis,
2072 655 2204 694 Legatis,
2222 666 2266 687 aut
2306 669 2338 688 e-

1284 698 1401 734 putatis,
1421 695 1558 734 Exigendi
1573 697 1605 726 ὃς
1621 697 1745 734 praestari
1762 696 1900 732 Videndi,

1323 735 1369 765 Ac
1385 736 1549 771 generaliter
1565 737 1663 764 omnia
1677 736 1710 766 &
1726 735 1830 774 lingula
1845 733 1980 764 Nomine
1995 731 2092 762 nostro
2113 731 2259 769 Faciendi,
2275 732 2337 763 Ge—

1283 773 1383 810 rendi,
1401 772 1576 811 Exercendi,
1594 774 1626 804 &
1642 774 1807 811 Firmandi,
1827 772 2029 810 cujuscumque
2052 778 2158 801 naturae
2176 772 2209 801 &
2229 772 2339 813 impor-

1284 813 1380 841 tantiae
1401 810 1504 841 fuerint
1525 820 1571 842 aut
1588 812 1644 842 esse
1663 814 1803 849 poterint,
1828 812 1857 840 in
1873 811 2013 848 praedietis
2026 810 2060 840 &
2081 810 2157 839 circa
2171 809 2341 850 ea-necella-

1284 851 1322 879 ria
1340 852 1372 881 &
1387 859 1546 887 oportuna,
1565 851 1599 881 ὅ(
1623 860 1686 888 quae
1706 853 1773 881 tanti
1795 850 1921 886 Negotit
1935 848 2048 887 qualitas
2068 857 2136 877 cum
2150 848 2272 885 ejusdem
2285 847 2340 877 cir-

1285 889 1461 918 cumstantiis
1482 889 1704 926 dependentibus
1724 890 1757 920 &
1779 889 1892 919 annexis
1915 888 2000 924 exigit
2020 895 2065 916 aut
2079 888 2210 924 requirit,
2228 888 2260 917 ὃ(
2277 895 2343 928 quae<

1285 926 1385 956 Nobis
1399 927 1492 956 facere
1506 927 1604 957 liceret
1619 930 1639 958 fi
1653 927 1806 958 Praemiffis
1816 926 1994 965 personaliter
2011 926 2202 966 inter-ellemus
2211 947 2219 961 ,
2234 926 2341 954 etiamsi

1285 965 1434 996 Praemiffis
1449 966 1537 1003 long‘e
1551 967 1657 1003 majora
1670 967 1739 1005 sint,
1758 976 1804 997 aut
1818 966 1880 996 talia
1897 965 1990 994 forent
2004 973 2068 1002 quae
2088 963 2123 992 de
2139 966 2182 992 lua
2198 973 2290 993 natura
2305 962 2342 991 ad

1278 1013 1317 1033 *ea
1332 1004 1504 1043 perficienda
1519 1004 1690 1036 Mandatum
1703 1007 1816 1044 exigunt
1829 1004 1916 1042 magis
1928 1002 2045 1040 speciale
2059 1003 2144 1039 quam
2158 1001 2344 1031 Praesentibus

1285 1043 1316 1072 sit
1328 1052 1361 1071 ex
1383 1044 1500 1073 ressum-

1324 1052 1542 1119 Prgmirtent’es,
1572 1081 1651 1112 bona
1676 1082 1745 1112 Fide
1766 1083 1799 1113 ὃ(
1821 1082 1852 1111 in
1875 1078 1976 1110 Verbo
2000 1078 2115 1116 Regio,
2141 1077 2210 1108 Nos
2231 1078 2343 1108 Rarum

1288 1119 1413 1150 Gratum
1438 1123 1470 1152 ὃ(
1492 1121 1622 1150 Firmum
1646 1121 1790 1151 habituros
1804 1121 1834 1151 id
1858 1126 1953 1149 tot-um
1972 1120 2005 1150 &
2021 1118 2156 1156 quicquid
2172 1127 2220 1154 per
2232 1118 2346 1147 dictum

1289 1158 1566 1196 Locumtenentem,
1586 1159 1769 1198 'Oratorem,
1803 1157 2061 1194 Ambaffiatorem,
2090 1155 2349 1193 Commisiarium‚

1290 1197 1455 1236 Legatum,
1474 1207 1520 1228 aut
1536 1197 1714 1235 Deputatum
1737 1198 1881 1234 nostrum,
1905 1204 1951 1226 aut
1973 1196 2031 1233 ejus
2047 1194 2220 1226 Substitutos
2235 1199 2267 1238 {x
2284 1193 2349 1223 De-

1289 1245 1419 1276 putatos,
1448 1236 1575 1273 Acium,
1602 1236 1743 1275 Gestum,
1769 1237 1976 1272 Conventum‚
1989 1235 2140 1273 juratum,
2164 1243 2209 1263 aut
2226 1232 2349 1263 bachim

1288 1275 1370 1305 suerit
1393 1276 1422 1304 in
1445 1274 1616 1312 Praemiflis,
1633 1277 1667 1306 &
1691 1285 1789 1307 contra
1806 1285 1838 1306 ea
1852 1273 1897 1307 vel
1912 1274 2035 1311 ipsorum
2057 1274 2147 1310 aliqua
2163 1272 2241 1313 nullo
2258 1272 2348 1301 modo

1289 1314 1505 1351 contravenire,
1522 1315 1618 1343 immo
1635 1314 1690 1351 ipsa
1705 1324 1904 1351 manutenere,
1924 1313 1958 1343 ὃς
1971 1311 2167 1342 inviolabiliter
2182 1312 2348 1346 oblervare‚

1289 1353 1322 1383 ὅ(
1339 1361 1387 1389 per
1403 1352 1521 1382 Litteras
1535 1351 1640 1382 nostras
1655 1353 1784 1384 Parentes
1798 1353 1974 1384 confirmare.
2011 1369 2013 1371 ·

1324 1390 1357 1420 In
1382 1392 1459 1428 cujus
1477 1391 1516 1420 rei
1533 1390 1747 1422 Testimonium
1771 1391 1955 1422 Praesentibus
1982 1389 2095 1420 Litteris
2112 1386 2212 1417 nostris
2230 1409 2240 1425 ,
2278 1385 2349 1416 Ma-

1287 1438 1328 1458 nu
1343 1428 1442 1497 dOstra
1462 1429 1573 1468 signatis
1586 1451 1597 1467 ,
1637 1429 1786 1468 Magnum
1805 1430 1936 1468 Sigillum
1958 1428 2091 1460 nostrum
2110 1426 2242 1457 duximus
2261 1433 2351 1464 appo-3

1286 1477 1342 1497 nen
1365 1478 1423 1498 um.

1326 1543 1440 1576 Datum*
1453 1541 1491 1575 'in
1511 1548 1637 1576 civitate
1655 1545 1746 1587 nostra
1764 1545 1888 1576 London.
1919 1543 2065 1587 Vicefimo
2089 1552 2170 1586 nono
2195 1542 2241 1574 die
2263 1540 2351 1585 Julii,

1293 1582 1384 1612 Anno
1403 1583 1526 1613 Domini
1549 1585 1706 1616 Millefimo
1723 1585 1947 1624 quingentesimo
1963 1585 2103 1615 Vlcelimo
2118 1591 2230 1620 primo,
2248 1581 2351 1619 Regni

1291 1623 1362 1652 vero
1378 1622 1468 1652 nostri
1482 1623 1584 1654 Tertio
1599 1624 1724 1655 decimo.

1991 1698 2023 1730 H
2031 1708 2048 1729 a
2060 1706 2082 1728 N
2092 1707 2116 1728 R
2127 1708 2147 1728 ir
2170 1697 2216 1728 R.

2101 1773 2190 1813 Sigillo
2207 1772 2314 1813 avulso,

217 1926 275 1957 Pro
299 1920 459 1955 Cardinale
488 1916 643 1953 Ebornm,
680 1915 841 1959 Commiffio
866 1916 908 1949 ad
930 1916 1139 1950 Traffandnm
1163 1929 1233 1950 cum

573 1970 650 2013 Rege
674 1968 872 1999 Francorum.

251 2060 388 2094 ainricus,
407 2055 462 2085 Dei
483 2052 569 2091 gratia
579 2075 588 2091 ,
608 2055 667 2082 Rex
685 2049 796 2087 Angliae
810 2049 849 2086 ὠ»
861 2054 982 2081 Franciae
998 2049 1036 2085 ᾤ’
1053 2054 1184 2082 Dominus
1199 2054 1256 2082 Hi-

274 2095 387 2131 berniae,
407 2093 536 2124 universis
551 2092 583 2121 δε
600 2090 728 2128 lingum,
746 2089 780 2119 ad
805 2099 929 2127 quorum
952 2091 1082 2121 Notitias
1106 2091 1255 2129 praesentes

199 2133 302 2165 Literae
319 2133 512 2169 pervenerint,
531 2130 666 2160 Salutem.

236 2172 318 2203 Cum
329 2194 338 2208 ,
357 2179 390 2201 ex
411 2173 509 2199 Mutuo
525 2172 667 2198 conventu
682 2165 720 2200 ὠ·
735 2165 884 2206 Colloquio,
905 2168 976 2197 inter
994 2170 1052 2197 Nos
1073 2169 1107 2199 ὃ(
1127 2167 1256 2198 Illustris-

198 2211 303 2242 fimum
318 2209 481 2246 Principem
497 2208 664 2244 franciscum
678 2208 842 2234 Francorum
860 2208 956 2242 Regem
977 2206 1100 2236 Fratrem
1118 2207 1151 2236 &
1173 2206 1257 2236 Con-

198 2249 379 2289 sanguineum
396 2246 523 2276 nostrum
539 2244 720 2275 Cariflimurn
731 2243 904 2280 jamdudum
920 2244 1019 2274 habito
1033 2245 1065 2275 ὅ(
1082 2244 1178 2281 fatilo,
1196 2253 1257 2275 tan-

199 2297 242 2319 tus
264 2297 297 2317 ex
313 2295 387 2323 parte
410 2285 505 2314 nostra
525 2292 588 2322 erga
611 2282 734 2312 eundern
747 2281 870 2311 Fratrem
892 2283 1021 2313 nostrum
1045 2283 1198 2313 accreverit
1222 2284 1257 2313 &

199 2325 334 2356 coaluerit
359 2323 468 2360 Amor,
486 2331 517 2352 ut
538 2322 610 2350 inter
634 2319 802 2356 multiplices
825 2319 915 2349 Curas
935 2321 968 2351 ὃς
991 2321 1187 2351 Solicitudines
1202 2331 1257 2351 no-

197 2364 264 2394 stras
287 2362 360 2393 nulla
386 2361 502 2392 Peetori
525 2359 623 2389 nostro
640 2358 716 2388 altius
735 2357 863 2386 insederit
880 2359 969 2388 animi
988 2357 1105 2389 affectio
1121 2381 1131 2396 ,
1168 2360 1253 2396 quam

196 2412 228 2433 ut
246 2401 290 2433 illa
309 2401 410 2432 sincera
429 2398 567 2430 Amicitia
584 2395 671 2426 firmo
697 2395 778 2425 Pacis
805 2395 927 2426 Foedere
945 2419 955 2434 ,
992 2398 1065 2427 inter
1093 2397 1161 2427 Nos
1185 2399 1258 2428 inito

196 2442 231 2473 &
249 2438 403 2477 concluso,
428 2447 487 2468 non
512 2434 604 2466 modo
629 2433 788 2464 constanter
807 2435 977 2472 perseveret,
1003 2435 1049 2465 sed
1068 2437 1153 2466 etiam
1172 2438 1257 2466 artio-

194 2481 271 2511 ribus
289 2480 322 2511 &
343 2475 579 2508 indissolubilibus
596 2473 714 2504 Amoris
732 2473 849 2503 nexibus
875 2475 1074 2508 corroboretur
1099 2475 1132 2506 &
1158 2484 1258 2514 augea.

195 2527 270 2587 tuisst
284 2556 419 2596 quoniam
435 2551 613 2590 multipharie
628 2550 727 2581 Nobis
738 2549 894 2581 luculenter
912 2550 1042 2582 testatum
1069 2551 1110 2582 est
1132 2552 1255 2583 eundern

200 2599 327 2628 Fratrem
343 2592 459 2631 nostrum
474 2590 659 2621 Cariffimum
678 2599 738 2618 non
754 2589 847 2619 mimis
856 2589 951 2621 ardere
967 2591 1001 2621 &
1017 2590 1187 2628 propensum
1201 2591 1257 2622 else

201 2636 232 2665 in
252 2633 333 2664 dieto
353 2641 417 2670 erga
438 2627 507 2661 Nos
529 2630 653 2660 fraterno
676 2628 787 2656 Amore
827 2627 872 2658 sed
889 2629 1038 2666 sumopere
1053 2630 1138 2659 etiam
1154 2640 1259 2668 cupere

202 2673 288 2704 diclae
311 2670 453 2701 Amicitiae
472 2667 576 2700 nostrae
596 2666 773 2697 Firmitatem
786 2650 1022 2699 Perseverentiam
1044 2667 1258 2700 Incrementum

204 2711 239 2742 &
251 2710 446 2748 Augmentum
455 2729 465 2745 ‚
1153 2716 1155 2721 ’

239 2748 322 2779 Hinc
337 2745 378 2777 est
394 2745 472 2785 quod
488 2743 572 2782 Nos,

241 2787 290 2817 De
305 2785 465 2822 Fidelitate,
483 2781 626 2814 Industria
637 2804 647 2822 ,
665 2782 766 2815 intima
782 2781 920 2822 Fiducia,
938 2784 972 2815 &
989 2784 1107 2821 provida
1123 2784 1259 2816 Circum-

201 2826 219 2858 s
233 2826 346 2856 cerione
372 2821 610 2854 Reverendisfimi
631 2824 659 2851 in
681 2821 796 2853 Christo
819 2821 908 2852 Patris
928 2822 1054 2861 Thomae,
1075 2822 1260 2855 Miseratione

237 2863 330 2902 ivinfi,
347 2861 432 2893 Tituli
449 2861 556 2891 Sandae
577 2859 679 2889 Ceciliae
703 2868 783 2890 trans
801 2860 917 2891 Tiberim
938 2861 1085 2891 Presbt'teri
1105 2862 1260 2892 cardinalis

201 2902 386 2935 Eboracenfis
410 2898 621 2937 Archiepiscopi
643 2900 677 2930 &
699 2898 871 2930 Santfiiffimi
902 2899 1027 2930 Domini
1052 2900 1138 2930 nostri
1161 2904 1260 2930 Leonis

204 2945 288 2980 Papae
302 2942 405 2971 Decimi
421 2950 435 2970 a
460 2939 559 2969 Latere
581 2938 684 2974 Legati
705 2938 857 2976 Regnique
875 2937 963 2968 nostri
986 2937 1155 2970 Cancellarii
1171 2940 1259 2977 pluri-

203 2982 289 3011 mum
304 2978 496 3016 confidentes,

241 3017 337 3055 Ipsum
353 3016 482 3047 nostrum
499 3015 758 3046 Locumtenentem
771 3024 805 3046 ac
820 3024 917 3045 verum
931 3016 964 3046 &
979 3014 1168 3047 indubitatum
1185 3016 1258 3048 Ora-

202 3064 297 3088 torem
332 3054 583 3092 Ambaffiatorem,
600 3053 855 3092 Commiffarium,
872 3053 1110 3094 Procuratorem,
1131 3055 1245 3095 Deputa

203 3103 284 3132 turn,
302 3077 456 3124 Nuncium
472 3092 620 3130 specialem
636 3101 719 3131 atque
732 3093 889 3132 generalem
901 3092 1031 3123 Facimus
1052 3093 1260 3126 Constituimus

203 3134 238 3166 &
254 3132 428 3163 Ordinamus
440 3141 488 3169 per
501 3130 664 3169 praesentes3

245 3170 352 3201 Dantes
375 3171 408 3201 &
428 3169 629 3200 Concedentes
649 3169 744 3200 eidem
765 3169 989 3201 Locumtenenti
1008 3168 1124 3210 nostro,
1147 3183 1180 3202 ac
1198 3173 1261 3211 qui-

207 3209 388 3246 buscurnque
410 3209 446 3237 ab
468 3218 504 3237 eo
523 3207 686 3245 deputandis
706 3209 738 3239 &
758 3209 972 3246 substituendis,
997 3209 1112 3240 Tenore
1135 3209 1260 3241 Praesen-

207 3249 297 3285 tium,
317 3247 429 3284 plenam
443 3244 633 3285 Potestatem,
652 3246 838 3284 Faculrawm,
866 3247 1087 3285 Austoritatem,
1114 3256 1147 3278 ac
1173 3249 1261 3280 Man-

209 3286 306 3316 datum
321 3285 450 3322 generale
468 3285 500 3316 δε
514 3284 645 3322 speciale,
662 3295 714 3322 pro
731 3285 829 3315 Nobis
848 3287 881 3317 ὅ(
899 3285 1035 3316 Nomine
1058 3286 1175 3326 nostro,
1190 3298 1260 3319 cum

208 3325 290 3356 dieto
309 3322 493 3354 Illustriffimo
515 3324 647 3360 Principe
667 3322 805 3363 Franczfio
822 3327 985 3353 Francorum
1008 3327 1076 3361 Rege
1094 3348 1102 3363 ‚
1137 3327 1182 3357 seu
1205 3328 1263 3365 ejus

209 3362 395 3399 Oratoribus,
416 3361 662 3400 ProcuratoribuS,
681 3361 906 3400 Commissariis,
924 3363 1194 3403 Ambatliatoribus,
1205 3366 1262 3396 Le-

207 3404 276 3441 gatis
289 3402 501 3440 quibuscunque
514 3402 548 3430 ad
563 3400 620 3430 hoc
641 3400 828 3431 sufficientem
851 3401 1058 3432 Auctoritatem
1081 3404 1264 3443 habentibuS,

209 3443 244 3472 de
266 3441 298 3471 &
322 3440 399 3477 super
421 3439 586 3470 arctioribus
607 3439 870 3470 Confoederationis
895 3439 1015 3470 nexibus
1035 3440 1067 3470 &
1091 3441 1262 3474 firmioribus

211 3479 360 3510 Amicitiae
371 3476 492 3508 vinculis
504 3478 576 3507 inter
589 3477 658 3507 Nos
675 3478 695 3498 ²*
715 3479 748 3508 &
764 3479 874 3509 dietum
894 3478 1056 3518 Principem
1080 3480 1208 3512 ineundis
1229 3484 1262 3512 &

209 3517 365 3554 firmandis,
391 3526 443 3554 ac,
473 3525 525 3553 pro
538 3515 683 3554 Statuum,
710 3515 751 3546 Di
774 3518 912 3556 tritarum,
931 3518 965 3548 δε
979 3517 1136 3549 Honorum
1150 3519 1263 3551 nostro-

209 3567 274 3587 rum
288 3555 528 3592 Conservatione‚
545 3554 581 3583 de
599 3553 672 3590 Liga
686 3555 719 3586 &
764 3555 991 3587 confoederatione
1014 3566 1209 3596 quacumque,
1228 3559 1263 3589 si-

209 3605 246 3626 ve
264 3605 315 3632 pro
331 3593 556 3624 Conservatione
570 3591 773 3630 Personarum,
798 3593 926 3624 Statuurn
937 3617 946 3632 ,
970 3593 1160 3635 Regnorum,
1187 3597 1264 3628 Ter-

207 3643 319 3670 rarum,
347 3631 514 3669 Patriarum,
538 3631 571 3662 &
593 3630 800 3662 Dominiorum
823 3633 983 3664 nostrorum
1008 3632 1175 3673 Defensiva,
1207 3637 1263 3667 five

209 3681 309 3703 contra
324 3678 534 3710 quemcumque
557 3669 723 3707 Principem
745 3669 924 3701 Potentatum
946 3681 991 3702 aut
1013 3670 1263 3705 Communitatem

211 3710 358 3740 Offensiva
373 3711 418 3739 seu
434 3708 576 3746 Invasiva,
594 3709 677 3738 etiam
693 3708 721 3736 in
736 3707 854 3738 Persona
869 3709 966 3740 nostra
977 3712 1091 3747 propria
1107 3713 1139 3742 &
1149 3712 1259 3751 Expen-

209 3749 242 3778 sis
260 3747 361 3778 nostris
377 3748 513 3789 propriis,
533 3747 588 3777 sive
605 3746 818 3786 Requirentium
828 3769 838 3785 ‚
856 3747 946 3785 deque
970 3751 1072 3780 mutuis
1097 3751 1213 3783 Auxiliis
1228 3754 1262 3784 &

210 3785 351 3824 Suppetiis
367 3788 437 3816 inter
452 3786 519 3816 Nos
539 3785 700 3825 praestandis
716 3786 747 3815 o‘t
766 3785 902 3823 ferendis,
920 3786 1095 3827 Tractandi,
1114 3789 1263 3822 Pacilccn-

210 3823 256 3861 di,
276 3825 491 3863 Conveniendi,
508 3823 731 3861 Concordandi,
750 3825 782 3854 ὅτ
800 3823 1018 3864 Concludendi,

251 3862 392 3900 pactaque
406 3863 553 3894 Tractatus
570 3864 601 3893 δι
623 3862 840 3893 conventiones
852 3863 1041 3902 quascumque
1057 3874 1114 3904 ,pro
1133 3865 1263 3899 Praemis.

212 3901 308 3932 lorum
323 3901 535 3938 complemento
550 3901 721 3939 Apponendi
736 3901 935 3931 Conveniendi
949 3903 981 3934 &
998 3903 1147 3943 Faciendi,

250 3937 379 3979 Necnon
395 3940 429 3969 de
442 3942 473 3970 ὃ(
490 3941 566 3978 super
582 3940 739 3978 liujui'inodi
757 3939 914 3971 Conventis
930 3940 1118 3974 Concordatis
1132 3946 1166 3976 &
1181 3945 1264 3976 Con.—

214 3976 294 4007 clulis
319 3976 429 4006 Litteras
453 3979 552 4009 validas
576 3981 608 4010 δι’
633 3978 763 4009 efficaces
778 3989 828 4015 pro
852 3979 1079 4017 Complemento
1094 3986 1262 4016 eorumdem

214 4024 266 4054 pro
283 4013 363 4043 Parte
378 4014 470 4045 nostra
484 4017 630 4048 Tratle‘ndi
641 4040 650 4056 ,

246 4052 412 4103 Similesque
425 4063 441 4084 a
457 4056 574 4092 praefato
591 4056 691 4088 Fratre
700 4055 796 4087 nostro
810 4056 903 4095 ejusve
919 4057 1173 4100 Procuratoribus,
1189 4060 1267 4095 Ora-

1292 1916 1351 1948 Pro
1374 1913 1473 1947 eodem
1499 1914 1662 1949 Cardinale
1687 1914 1847 1959 Commtffio
1872 1915 1915 1948 ad
1945 1913 2154 1949 Traaandum
2176 1925 2245 1948 cum
2266 1915 2353 1961 Qi-

1733 1963 1924 2011 bustumque.

2361 219 2435 251 Ann.
2449 217 2492 253 Da*

2390 267 2460 297 1521

2361 302 2424 326 Hen.
2444 283 2474 326 ὃ..

1296 2051 1507 2114 HEnricus,
1529 2049 1587 2080 Dei
1603 2049 1708 2095 gratia,
1733 2053 1795 2093 Κεῖοι·
1820 2050 1934 2088 Angliae
1959 2047 1997 2084 ὀ·
2022 2051 2146 2093 Francia
2164 2046 2203 2084 ό»
2218 2050 2359 2092 ¹Dominus
2379 2037 2453 2070 Ann-
2468 2038 2509 2070 Du

1387 2091 1546 2128 Hrbermae,
1561 2094 1693 2121 univerhs
1711 2090 1744 2121 &
1765 2090 1895 2129 lingulis,
1921 2088 2067 2127 praesentes
2085 2088 2192 2118 Literas
2216 2087 2358 2125 inspectu-
2398 2086 2482 2118 15²¹·

1295 2129 1332 2158 ris
1340 2151 1350 2167 ,
1368 2129 1504 2160 Salutem.

2377 2124 2430 2145 An*
2462 2122 2508 2154 130'

1333 2170 1438 2197 Notum
1457 2164 1576 2204 facimus
1597 2166 1678 2206 quod
1701 2165 1789 2197 nichil
1814 2165 1915 2196 Nobis
1934 2165 2038 2203 gratius
2052 2173 2101 2195 aut
2123 2164 2212 2195 carius
2226 2164 2257 2194 fit
2272 2164 2356 2202 quam
2379 2165 2416 2187 Η-
2437 2156 2464 2184 8·
2507 2198 2510 2203 ,

1298 2205 1437 2242 Quietem
1458 2207 1491 2236 δε
1512 2205 1769 2242 Tranquilitatem,
1793 2205 1903 2235 nedum
1918 2204 2106 2234 Subditorum
2133 2204 2294 2233 nostrorum
2311 2201 2359 2232 Fi·
2378 2196 2419 2222 Ex
2447 2197 2510 2228 Aut

1295 2244 1341 2274 dei
1364 2245 1468 2274 nostrae
1489 2245 1522 2273 &
1537 2244 1651 2273 Tutelae
1672 2244 1911 2281 commistorum,
1929 2244 2030 2273 verum
2051 2243 2154 2279 etiam,
2173 2241 2357 2272 universalem
2377 2241 2454 2270 ²⁰2&

1295 2291 1416 2312 omnem
1432 2281 1659 2312 Christianorum
1675 2282 1779 2312 Pacem
1794 2291 1948 2318 procurare
1961 2281 1994 2311 &
2016 2280 2154 2319 stabilire,
2171 2290 2205 2311 ac
2222 2290 2359 2318 quorum-

1296 2330 1421 2359 cumque
1444 2320 1651 2357 lnlolentium,
1674 2322 1704 2350 in
1725 2320 1900 2350 contrarium
1923 2320 2139 2358 Adnitentium,
2156 2321 2308 2357 reprimere
2324 2321 2358 2352 &

1302 2360 1450 2389 refraenare
1462 2368 1556 2396 operae
1570 2360 1706 2396 praecium
1722 2358 1777 2389 else
1792 2359 1938 2396 duximus,
1958 2368 2026 2388 cum
2048 2358 2230 2389 Sanfflffimo
2252 2357 2363 2389 Domi-

1299 2407 1340 2427 no
1364 2398 1460 2427 nostro
1486 2400 1575 2426 Leone
1603 2399 1681 2435 Papa
1700 2400 1809 2426 Decimo
1830 2396 2020 2428 Sacrosanclae
2050 2396 2196 2427 Romanae
2223 2396 2361 2429 Ecclesiae

1296 2439 1401 2464 Summo
1427 2435 1556 2475 Ponttfice
1572 2458 1582 2474 ‚
1613 2445 1647 2465 ac
1672 2435 1854 2465 Serenillimis
1877 2436 1909 2466 δε
1933 2434 2138 2466 Potentissimis
2162 2435 2358 2476 Principibus,

1298 2474 1411 2512 Carolo,
1430 2474 1488 2504 Dei
1503 2475 1609 2510 gratia,
1627 2477 1806 2502 Romanorum
1828 2472 1866 2508 &⁴
1889 2472 2084 2511 Hispanorum
2099 2477 2183 2512 Rege,
2208 2477 2360 2512 Imperato-

1297 2522 1325 2541 re
1340 2510 1401 2546 &c.
1419 2513 1451 2542 &
1466 2515 1623 2549 Francisco,
1642 2513 1742 2542 eadem
1758 2512 1862 2551 gratia,
1889 2514 2050 2541 Francorum
2069 2515 2155 2551 Rege,
2178 2512 2360 2550 Consangui-

1297 2552 1356 2580 neis
1377 2551 1480 2580 nostris
1501 2550 1675 2586 Caritlimis³
1708 2560 1741 2579 ac
1764 2560 1833 2580 cum
1856 2552 2077 2589 quibulcumque
2100 2552 2156 2581 aliis
2179 2551 2303 2591 Regibus
2325 2553 2359 2583 &

1298 2589 1476 2629 Principibus
1493 2589 1678 2627 Christianis,
1698 2588 1872 2620 Civitatibus
1883 2613 1892 2628 ,
1918 2588 2114 2619 Potentatibus
2126 2613 2135 2627 ,
2155 2589 2360 2621 Communita—

1298 2629 1373 2658 tibus
1385 2651 1395 2667 ,
1417 2629 1608 2665 Nationibus,
1627 2630 1659 2658 ὅ(
1678 2627 1840 2666 Dominiis,
1857 2628 1971 2658 firmam
1987 2629 2172 2666 Amicitiam,
2197 2628 2361 2660 Confoede-

1300 2669 1443 2698 rationem
1482 2667 1604 2704 Ligam,
1622 2668 1654 2697 ὃ(
1678 2666 1801 2703 Foedus,
1826 2668 1860 2697 ad
1885 2667 2009 2697 Laudem
2031 2668 2049 2686 *²
2070 2666 2129 2697 Dei
2145 2668 2361 2706 omnipotentis

1300 2708 1333 2737 ὃ(
1350 2708 1434 2735 totius
1450 2689 1555 2743 Populi
1573 2704 1727 2735 Christiani
1744 2706 2000 2744 Tranquilitatem,
2018 2706 2088 2735 inire
2110 2705 2220 2737 firmare
2235 2708 2268 2737 &
2286 2717 2360 2738 con-

1298 2745 1431 2782 cludere,
1450 2754 1479 2774 ut
1489 2748 1604 2774 tandem
1622 2743 1777 2781 Reliquum
1796 2744 1871 2774 Vitae
1886 2743 2007 2782 nostrae,
2027 2744 2102 2783 quod
2121 2744 2200 2775 Deus
2211 2746 2359 2783 Omnipo-

1299 2792 1360 2814 tens
1383 2783 1480 2813 Nobis
1500 2783 1630 2820 praestare
1654 2783 1833 2821 dignabitur,
1853 2784 1976 2812 Servilio
1991 2783 2110 2813 Divinae
2129 2783 2301 2822 Majestatis,
2320 2787 2361 2815 cui

1296 2827 1406 2890 Serffitre
1422 2825 1543 2860 Regnare
1557 2821 1612 2860 est,
1629 2822 1795 2861 impendere
1807 2822 1954 2859 possimus,

1373 2871 1405 2891 os
1422 2870 1503 2891 ivitur

1336 2900 1384 2929 De
1398 2883 1561 2938 Ft‘a'etua’re,
1578 2897 1734 2936 Industria,
1753 2898 1853 2929 intima
1866 2898 2002 2937 Fiducia,
2017 2898 2051 2929 δί
2073 2896 2193 2937 provida
2216 2895 2355 2932 Circum-

1296 2938 1442 2977 spechone
1468 2937 1702 2969 Reverendissirni
1726 2940 1757 2968 in
1777 2938 1894 2969 Christo
1918 2938 2005 2969 Patris
2025 2938 2150 2977 Thomae,
2176 2938 2358 2970 Miseratione

1299 2977 1426 3015 Divina,
1443 2978 1526 3007 Tituli
1543 2978 1651 3007 Santra»
1669 2977 1771 3006 Ceciliae
1794 2985 1872 3011 trans
1894 2977 2010 3006 Έύενὶφιι
2033 2977 2180 3007 Presbiteri
2203 2978 2359 3008 Cardinalie

1299 3015 1431 3046 Eborum
1449 3016 1665 3055 Archiepiscopi
1680 3016 1712 3046 &
1731 3015 1904 3046 Sanitiffimi
1921 3015 2046 3046 Domini
2062 3017 2150 3046 nostri
2163 3019 2263 3046 Leoms
2279 3020 2360 3056 Papa

1299 3058 1405 3096 Decinri
1433 3066 1447 3085 a
1470 3055 1571 3086 Latere
1593 3055 1694 3092 Legati
1722 3055 1875 3093 Regnique
1899 3054 1988 3085 nostri
2011 3056 2181 3086 Cancellarii
2206 3057 2360 3093 plurimum

1299 3094 1474 3124 considentes
1480 3116 1491 3131 ,

1336 3132 1428 3169 Iplum
1446 3131 1574 3162 nostrum
1589 3142 1688 3162 verum
1703 3134 1736 3164 ὃ(
1752 3132 1939 3163 indubitatum
1957 3133 2237 3171 Locumtenentern,
2256 3132 2364 3162 Orate«

1301 3181 1360 3201 rem
1377 3193 1386 3208 ,
1407 3171 1667 3208 Ambaffiamrem,
1686 3171 2110 3210 Legatum,Commiffarium,
2129 3171 2361 3210 Procuratorem,

1301 3209 1479 3250 Deputatum
1496 3232 1505 3248 ,
1537 3210 1570 3240 &
1601 3209 1757 3240 Nuncium
1779 3210 1929 3248 specialem
1955 3212 1988 3241 ὃ(
2010 3211 2168 3249 generalem
2185 3232 2194 3248 ,
2226 3210 2357 3240 Facimus

1300 3248 1511 3279 Conttituimus
1528 3250 1561 3279 &
1579 3249 1754 3279 Ordinamus
1768 3259 1816 3286 per
1831 3248 1998 3287 Praesentes,

1338 3286 1447 3317 Dantes
1467 3289 1499 3318 ὅ(
1521 3287 1724 3317 Concedentes
1741 3290 1852 3326 eidem,
1870 3289 1902 3318 &
1920 3287 2145 3325 quibuscumque
2162 3285 2198 3315 ab
2215 3295 2251 3317 eo
2269 3286 2357 3323 depu-

1302 3326 1390 3355 tandis
1409 3327 1454 3355 seu
1471 3325 1679 3363 lubstituendis,
1699 3327 1817 3356 Tenore
1834 3326 2033 3364 Praesentium,
2051 3324 2240 3365 Potestatem,
2259 3325 2358 3355 Facul-

1300 3373 1404 3403 tatem,
1424 3364 1650 3402 Auctoritatem,
1668 3366 1700 3396 &
1717 3365 1888 3396 Mandatum
1904 3365 2033 3402 generale
2045 3364 2078 3394 &
2093 3364 2260 3400 speciale,ita
2275 3364 2356 3401 quod

1300 3402 1475 3433 Generalitas
1493 3403 1513 3434 S
1536 3404 1664 3434 ecialitati
1682 3413 1741 3432 non
1759 3404 1897 3441 deroget,
1912 3413 1964 3433 nec
1982 3404 1998 3433 e
2019 3410 2134 3437 contra,
2152 3403 2310 3438 pioNobis
2321 3402 2357 3434 &¹

1300 3441 1436 3472 Nomine
1462 3414 1560 3472 nosiio
1584 3443 1617 3473 ὃς
1644 3441 1844 3472 Succefforum
1869 3443 2049 3478 nostrorum,
2080 3449 2146 3469 cum
2171 3440 2354 3473 Sanenffimo

1301 3480 1434 3510 Domino
1453 3481 1552 3511 nostro
1571 3484 1661 3511 Leone
1680 3483 1756 3518 Papa
1774 3484 1901 3518 Decimo,
1925 3482 1958 3511 ὃς
1984 3489 2050 3509 cum
2067 3478 2210 3515 praeaietis
2230 3479 2356 3510 lllustris-

1301 3519 1374 3548 limis
1392 3519 1424 3548 &
1442 3518 1642 3549 Potentissimis
1661 3518 1855 3557 Principibus,
1882 3518 1991 3554 Carolo,
2016 3516 2073 3546 Dei
2090 3517 2196 3555 gratia,
2220 3522 2356 3548 Romano-

1299 3566 1359 3586 rum
1379 3557 1416 3592 ὠ
1435 3557 1630 3596 Htspaniarum
1649 3556 1708 3591 &a
1727 3559 1759 3588 ὃς
1776 3558 1927 3596 Franczsc‘o,
1946 3557 2046 3586 eadem
2067 3555 2172 3594 gratia,
2191 3560 2354 3587 Francorum

1299 3596 1411 3633 Regibus
1438 3596 1591 3626 Cariffimis
1617 3597 1650 3627 ὃς
1679 3595 1873 3626 Dilectiffimis
1906 3595 2045 3625 Fratribus
2071 3595 2104 3624 &
2129 3594 2354 3635 Consanguineis

1299 3644 1409 3673 nortriS,
1417 3644 1449 3664 ac
1461 3645 1528 3664 curn
1538 3635 1759 3672 quibuscumque
1768 3635 1823 3664 aliis
1831 3634 1942 3671 Regibus
1951 3634 1983 3663 &
2000 3632 2161 3671 Principibus
2174 3634 2353 3674 Chnstmm's,

1298 3674 1477 3710 Civitatibvs,
1486 3674 1686 3711 Potentatibus,
1695 3672 2148 3708 Communitatlbus,Nationibus&
2156 3676 2298 3709 Dominirs,
2305 3674 2352 3704 vel

1300 3724 1400 3744 eorum
1417 3713 1522 3750 aliquo,
1531 3713 1575 3742 seu
1590 3722 1691 3741 eorum
1709 3712 1955 3749 procuratoribus,
1967 3709 2135 3741 Oratoribus
2145 3734 2153 3748 ,
2174 3710 2354 3741 Commitsa-

1301 3754 1364 3788 riis,
1391 3751 1659 3787 Ambassiatoribus,
1684 3751 1716 3781 &
1742 3749 1889 3786 Deputatis
1906 3750 2130 3788 quibulcumque
2148 3750 2180 3779 ad
2200 3750 2256 3780 hoc
2274 3749 2352 3780 suffi-

1300 3793 1422 3822 cientem
1439 3789 1607 3819 Potestatem
1627 3791 1659 3820 &
1675 3788 1882 3818 Auctoritatem
1897 3787 2076 3824 habentibus,
2098 3789 2133 3817 de
2146 3790 2178 3817 &
2192 3788 2271 3826 super
2286 3800 2355 3827 qua-

1300 3838 1423 3866 cumque
1444 3828 1596 3865 Amicitia,
1613 3826 1883 3863 Confoederatione,
1902 3826 2042 3865 Unione,
2067 3826 2200 3865 Foeoere‚
2225 3829 2258 3859 &
2277 3829 2355 3865 Ligss,

1303 3865 1457 3898 Defenfiva
1475 3865 1625 3903 Statuum,
1645 3865 1824 3906 Regnorum,
1851 3863 2076 3902 Dominiorum,
2103 3866 2124 3895 Ἰ
2134 3874 2274 3903 erratum,
2300 3867 2359 3898 Pau

1301 3916 1433 3942 triarum,
1450 3906 1470 3934 '1
1481 3906 1688 3940 anteriorum,
1707 3911 1883 3943 Liviorum,
1901 3906 1934 3935 &
1954 3906 2154 3942 oppidorum,
2181 3906 2357 3944 ubicumque

1306 3946 1468 3980 Locorum,
1485 3942 1722 3979 inpraesentiarum
1742 3952 1788 3979 per
1805 3941 1873 3971 Nos
1891 3943 1934 3972 vel
1958 3953 2056 3973 eorum
2075 3942 2195 3979 aliquem
2221 3944 2361 3981 pouefl‘o-

1303 3994 1386 4020 rum,
1405 3984 1475 4012 inter
1495 3981 1561 4011 Nos
1580 3978 1718 4010 Heredes*
1737 3982 1769 4012 &
1789 3980 1969 4012 successores
1989 3982 2096 4010 nostros
2123 3986 2269 4018 praeratum
2289 3984 2358 4012 San-a

1303 4021 1441 4061 Hrffimum
1457 4022 1602 4049 Dominum
1620 4018 1738 4058 nostrum
1756 4019 1787 4049 &
1808 4018 1971 4050 Caritlimos
1990 4019 2220 4057 conianguineos
2239 4021 2360 4060 nostros,

1305 4059 1434 4092 Carolum
1459 4061 1638 4089 Romanorum
1662 4056 1701 4093 ὠ·
1726 4060 1920 4098 Hispaniarum
1943 4059 1976 4089 ὅ(
2009 4057 2177 4097 Francifiurn
2200 4062 2364 4088 Francorum

1805 4095 1856 4128 Bb
1877 4106 1892 4137 3
2285 4099 2367 4136 Regu

2398 2658 2511 2696 *xxm

2417 2707 2482 2738 75Ἱ·4
