2542 4274
4 165 64 197 .D.

0 209 42 252 5⁷·

0 258 40 322 ΞΓ

0 362 18 380 i.
37 348 75 378 D.

0 391 39 433 ,⁶7

24 434 49 463 p.

15 475 51 493 m.

97 93 177 136 134

195 254 245 286 De
269 249 440 295 Conceffione
457 261 511 297 pro
537 252 612 296 Rege
639 251 806 282 Armorum
827 250 1040 284 Clarencieux.

100 338 245 393 REgina
262 338 396 367 omnibus
412 336 448 367 ad
466 345 553 374 quos,
568 336 630 366 &c-
649 334 787 378 Salutem.

195 377 292 407 Sciatis
311 376 390 414 quod
409 376 479 406 cum
498 385 558 405 non
577 384 687 404 novum
703 378 735 404 lit
753 380 801 404 aut
817 380 960 408 vacuum,
986 368 1032 401 sed
1058 379 1157 400 neces-

43 411 50 417 ’
96 417 195 446 sarium
214 416 246 445 ἃ
261 415 351 448 diane
366 414 516 452 antiquitus
531 414 675 450 usitatum,
694 411 791 450 quod,
809 411 878 440 inter
892 418 1010 440 caeteros
1032 408 1157 438 Officia-

99 457 154 484 rios
169 455 202 484 &
212 453 359 483 Ministros
373 453 484 483 nostros
501 452 671 489 Principum
681 450 825 480 Lateribus
843 458 895 485 pro
912 457 1014 491 eorum
1034 446 1159 485 Magni-

98 492 209 522 ficentia
234 501 318 530 atque
343 491 444 522 Gloria
466 492 607 522 adhaei-ere
631 489 729 518 deceat
767 496 867 517 eorum
888 486 1040 524 praesertim
1058 486 1160 523 quibus

100 530 204 561 Officii
226 530 384 561 Armorum
401 530 478 560 Cura
494 529 701 564 committitur,
722 510 847 563 Gopiam
867 524 970 567 habere
987 524 1089 562 liceat,
1106 532 1157 567 ut',

99 580 153 600 nec
172 578 284 606 tempus
298 569 441 600 Bellorum
460 578 550 606 neque
565 567 647 597 Pacis
665 564 766 603 absque
783 563 1020 595 convenientibus
1035 563 1069 595 ὃς
1089 571 1160 600 aptis

98 607 238 639 Ministris
258 609 398 645 praeterire
416 608 534 644 debeat,
1088 639 1093 645 ¹

138 646 252 676 Idcirco
272 647 354 676 vobis
375 656 474 677 notum
494 645 627 680 facimus,
652 641 750 680 quod,
769 651 828 671 non
853 640 950 672 solum
970 649 1005 671 ex
1023 639 1162 679 plurimo-

101 695 166 715 rum
181 685 320 716 Fidelium
340 684 521 720 nostrorum,
540 682 640 719 quibus
658 682 689 710 in
708 691 740 711 ea
758 688 836 718 parte
850 680 950 710 Fidem
969 679 1093 716 plenarie
1111 678 1161 708 ad-

99 723 261 762 hibuimuS,
279 724 380 760 relatu,
399 723 499 753 verum
518 722 617 757 etiam,
637 729 686 756 per
699 718 809 749 Rerum
825 718 981 749 Gestarum
1008 716 1161 754 Experien-

99 763 181 800 tiam,
200 772 286 800 quam
305 772 355 791 nos
373 763 506 792 habemus
523 759 559 789 de
575 757 721 788 Fidelitate
737 755 1161 798 circumspectioneIndustria

101 810 186 838 atque
203 802 279 831 bona
294 800 466 837 Diligentia,
485 798 583 829 dileet‘i
599 798 632 832 ὅ(
651 796 740 827 fidelis
755 795 908 826 Servicntis
928 794 1033 832 nostri,
1051 794 1163 823 Roberti

103 841 186 870 Cooke
204 840 268 869 alias
282 838 405 877 chester,
420 839 460 868 ob
483 837 667 876 Sagacitatem
684 837 717 867 &
739 834 889 864 Solertiam
908 843 975 872 quas
999 834 1029 862 iri
1048 842 1085 862 eo
1103 833 1162 863 satis

101 879 254 916 reperimus
281 879 458 914 exploratas,
482 875 656 906 intendentes
681 873 801 912 ejusdem
826 872 937 902 Roberti
962 872 1163 903 continuatum

101 917 253 948 Servitium
274 926 420 946 munerare
434 915 481 945 Re
498 916 601 944 merito
622 913 650 943 id
668 912 817 951 poscente,

137 954 231 992 Ipsum
249 955 279 983 in
293 954 405 993 Regem
423 954 576 984 Armorum
586 961 620 980 ac
636 950 827 988 Principalem
837 948 1017 980 Herauldum
1034 949 1163 980 Partium

102 993 275 1025 Australium
290 992 477 1023 Orientalium
498 992 530 1021 &
551 989 785 1020 Occidentalium
802 987 898 1027 Regni
917 987 1007 1018 nostri
1029 989 1162 1027 Angliae‚

100 1041 134 1062 ex
153 1031 327 1062 habundanti
340 1030 439 1061 Gratia
459 1028 552 1059 nostra
568 1028 698 1066 speciali,
713 1037 746 1057 ac
765 1036 801 1058 ex
818 1035 894 1057 certa
910 1026 1032 1058 Scientia
1046 1028 1079 1058 δε
1102 1037 1163 1057 me·

101 1081 135 1101 ro
158 1069 246 1101 Motu
264 1070 381 1108 nostris,
405 1069 542 1099 ereximus
559 1067 682 1098 fecimus
702 1065 901 1096 constituimus
918 1065 1110 1096 ordinavimus
1128 1068 1162 1098 &

101 1110 278 1147 creavimus,
295 1119 329 1139 ac
347 1119 395 1146 per
420 1106 588 1144 Praesemes,
607 1116 662 1144 pro
684 1104 784 1135 Nobis
803 1103 976 1135 Haeredibus
995 1105 1028 1136 &
1043 1105 1164 1136 Succes-

101 1148 209 1180 soribus
226 1147 344 1185 nostru,
359 1147 488 1185 erigimus
507 1145 626 1175 facimus
642 1143 841 1174 constituimus
859 1142 1021 1174 ordinamus
1038 1144 1072 1174 δε
1086 1154 1164 1175 crea-

101 1197 182 1226 mus,
203 1187 235 1217 &
259 1185 379 1216 Nomen
400 1186 426 1215 ei
450 1184 655 1222 imposuimus,
681 1193 715 1213 ac
742 1192 791 1225 per
810 1180 960 1212 Praesentes
985 1183 1164 1220 imponimus

100 1224 128 1255 C
137 1235 156 1255 L
168 1235 187 1256 Α
198 1235 221 1256 R
232 1234 249 1255 E
260 1232 283 1254 N
292 1234 309 1255 c
319 1233 331 1253 t
341 1233 359 1255 E
369 1232 392 1254 U
404 1233 425 1254 L
435 1233 452 1254 x
464 1247 473 1262 ‚
502 1222 581 1261 quod
595 1246 605 1259 .,
631 1231 701 1252 cum
727 1220 802 1251 Stilo
826 1219 929 1250 Titulo
956 1220 1102 1252 Libertate
1129 1223 1163 1253 δε

55 1283 61 1289 ·
100 1263 325 1294 Praeeminentiis
349 1262 511 1301 hujusmodi
532 1261 551 1281 ‘¹‘
573 1260 691 1291 Officiis
716 1259 954 1290 convenientibus
979 1260 1013 1290 δε
1037 1269 1165 1291 concor-

99 1303 248 1340 dantibus,
265 1303 299 1333 &
317 1302 352 1332 ab
370 1302 488 1340 antiquo
505 1299 661 1337 consuetis,
679 1298 771 1330 eidem
791 1297 906 1328 Roherto
924 1297 1022 1328 damus
1039 1299 1073 1330 ὅ(
1093 1308 1164 1330 con-

99 1343 241 1379 cedimus,
259 1351 292 1370 ac
314 1340 404 1377 ipsum
422 1341 451 1369 in
470 1339 574 1369 eisdem
593 1337 700 1369 realiter
718 1337 923 1367 coronavimus
941 1336 1165 1377 investivimus,

98 1380 324 1417 coronamusque
341 1379 374 1409 δε
393 1378 557 1409 investimus
569 1387 618 1415 per
634 1376 804 1414 Praesentes,

137 1419 314 1450 Habendum
332 1417 511 1456 gaudendum
530 1416 736 1454 occupandum
753 1415 785 1445 ὃ(
806 1413 997 1446 exercendum
1019 1413 1165 1446 Officium

99 1458 186 1496 illud,
204 1467 237 1487 ac
260 1457 382 1487 Nomen
403 1456 507 1487 Stilum
527 1455 560 1485 ὃς
582 1454 816 1485 Praeeminentias
838 1452 972 1491 praedieta
995 1453 1089 1484 eidem
1110 1456 1165 1484 Ro-

102 1497 193 1534 hmo,
210 1507 225 1526 a
242 1504 370 1533 tempore
393 1495 491 1526 mortis
507 1493 648 1524 Willielmi
669 1495 773 1531 Harvy
795 1492 858 1522 alias
875 1491 1060 1522 Clarencieulx
1075 1503 1165 1533 nuper

101 1534 246 1566 Praemiss'a
265 1534 394 1564 habentis
411 1535 443 1566 &
459 1533 602 1572 gaudentis
615 1532 707 1562 modo
721 1531 867 1569 defundii,
884 1530 919 1561 ad
935 1530 1110 1562 Terminum
1130 1533 1164 1564 ὃς

102 1585 155 1613 pro
171 1574 316 1604 Termino
333 1572 410 1603 Vitae
425 1574 506 1611 ipsius
521 1571 649 1609 Roberti,
667 1580 737 1602 cum
751 1570 886 1600 omnibus
896 1568 1011 1608 Juribus
1025 1569 1166 1602 Proficuis

102 1612 369 1644 Commoditatibus
389 1612 422 1643 ὃ(
447 1611 656 1642 Emolumentis
677 1608 901 1648 quibuscumque
924 1608 1020 1639 eidem
1049 1608 1162 1640 Officio

101 1652 339 1690 qualitercumque
354 1650 540 1689 spectantibus
554 1649 655 1680 debitis
671 1649 725 1678 sive
742 1647 967 1686 pertinentibus,
985 1648 1014 1678 in
1032 1655 1091 1678 tam
1102 1658 1164 1678 am-

103 1692 156 1729 plis
173 1691 262 1721 modo
276 1692 309 1722 &
322 1690 416 1721 forma
430 1698 513 1727 prout
527 1688 620 1718 dictus
629 1686 788 1718 Wlltelmus
800 1689 902 1725 Harvy
909 1687 972 1716 alias
980 1685 1165 1716 Clarencieulx

101 1730 281 1767 Defunctus,
294 1737 340 1759 aut
355 1729 451 1766 aliquis
466 1728 532 1758 alius
547 1727 602 1757 sive
616 1727 700 1764 aliqui
712 1726 760 1755 alii
776 1725 871 1764 Reges
885 1724 920 1755 ad
935 1724 1024 1755 Arma
1036 1725 1161 1756 Partiutn

100 1768 273 1799 Aiistralium
295 1767 394 1797 habuit
414 1775 460 1796 aut
482 1766 607 1804 percepit
626 1765 786 1795 habuerunt
816 1772 863 1794 aut
885 1772 1090 1801 perceperunt,
1115 1772 1162 1795 aut

100 1808 202 1837 habete
216 1806 261 1836 vel
274 1806 416 1843 percipere
430 1805 585 1835 debuerunt
594 1812 639 1834 aut
657 1803 769 1841 debuit,

142 1845 251 1875 Dantes
267 1845 396 1881 ulterius,
414 1854 447 1874 ac
465 1854 498 1873 ex
513 1843 636 1873 uberiori
651 1842 750 1872 Gratia
764 1841 797 1872 &
814 1847 889 1871 certa
904 1839 1028 1871 Scientia
1051 1841 1083 1871 δε
1101 1850 1163 1871 me-

99 1895 133 1914 ro
148 1884 236 1914 Motu
253 1882 352 1913 nostris
365 1882 526 1920 praedictis,
543 1891 590 1920 per
612 1881 763 1911 Tenorem
789 1879 971 1910 Praesentium
995 1879 1159 1910 conceden-

98 1931 138 1953 tes
154 1923 246 1953 eidem
265 1920 447 1951 clmnoe‘eulx
467 1922 555 1957 (cuni
576 1918 721 1949 Consensii
743 1919 775 1949 &
799 1917 917 1948 Affensu
933 1921 1044 1947 Comitis
1066 1921 1161 1947 Mari-

91 1961 174 2002 stalli
187 1960 298 1997 Afigliae
316 1970 366 1997 pro
379 1969 508 1997 tempore
524 1958 684 1996 existentis,
705 1957 752 1986 sub
768 1956 872 1993 Sigillo
889 1957 922 1986 &
945 1955 1159 1994 Subscriptione

101 2001 221 2031 manuali
239 2000 307 2034 iuis>
333 1999 539 2029 Auctoritatem
561 1996 733 2027 Potestatem
757 1996 788 2026 δε
814 1994 977 2025 Licentiam
1001 2003 1057 2025 tam
1083 1995 1160 2026 Lite-

99 2050 142 2069 ras
160 2039 288 2068 Parentes
303 2037 403 2067 Arinoi
414 2047 460 2066 um
477 2036 566 2067 Clitis
582 2036 657 2067 Viris
673 2034 797 2064 donandi
813 2034 845 2064 &
861 2033 1053 2071 concedendi,
1072 2032 1160 2074 Insig-

98 2080 145 2109 nia
170 2077 259 2107 Arma
283 2077 314 2106 &
345 2075 449 2106 Critias
465 2099 473 2113 ,
499 2083 655 2113 czctcraque
677 2074 727 2104 alia
751 2071 920 2102 Nobilitatis
940 2071 1134 2103 Monumenta
1149 2097 1158 2112 ,

98 2118 186 2154 quain
208 2115 336 2146 visit-andi
357 2115 389 2145 &
413 2113 577 2149 corrieendi
601 2113 726 2149 Insigni-a
742 2110 840 2141 vitiosa
855 2112 888 2142 <St
906 2110 958 2141 alia
973 2110 1087 2142 Delieta
1103 2112 1160 2142 Ar-

99 2165 147 2186 ma
171 2155 215 2184 vel
241 2154 433 2184 Nobilitatem
457 2153 677 2188 concernentia,
696 2160 729 2181 ac
754 2159 855 2180 caetera
874 2151 974 2179 omnia
997 2150 1030 2180 ὃς
1053 2150 1158 2187 singula

97 2204 163 2232 quae
178 2193 258 2223 dieto
272 2191 573 2229 incumbuneofficio
592 2190 683 2227 Regis
700 2190 856 2219 Armorum
878 2187 933 2218 five
955 2188 1042 2218 ineffe
1061 2189 1160 2219 dinos-

96 2240 198 2264 cuntur
214 2233 242 2262 in
256 2231 324 2271 Jure
339 2231 383 2261 vel
399 2240 433 2261 ex
448 2229 662 2260 Consuetudine
683 2227 857 2269 temporibus
873 2227 1032 2265 retroatfitis,
1048 2227 1160 2257 Nomi-

98 2281 135 2303 ne
159 2270 273 2309 nostro,
290 2280 323 2300 ac
339 2269 473 2300 Nomine
486 2267 644 2298 Haeredum
660 2267 692 2298 &
708 2266 912 2297 Successorum
927 2265 1094 2297 nostrorum
1116 2266 1154 2297 fa-

97 2309 191 2342 ciendi
208 2308 355 2340 exercendi
375 2308 408 2338 &
424 2307 598 2346 exequendi,
923 2318 927 2321 >

135 2349 197 2387 Qui
216 2347 331 2386 quidem
352 2345 537 2377 clarencieulx
561 2346 595 2376 ad
619 2344 697 2375 hunc
715 2343 842 2381 Statum,
861 2343 945 2373 nobis
958 2342 1158 2382 praesentibus,

95 2387 285 2425 omnibusque
300 2386 359 2417 aliis
373 2385 504 2422 Regibus
520 2386 553 2416 ἃ
570 2382 717 2414 Herauldis
727 2405 736 2421 ,
752 2392 785 2413 ac
800 2382 1012 2419 quampluribus
1027 2382 1157 2413 Proceri-

95 2427 147 2457 bus
169 2425 353 2464 Magnatibus
380 2423 542 2454 Nobilibus
565 2423 598 2453 &
618 2421 780 2460 Fidedignis
802 2420 901 2457 Regni
929 2420 1019 2450 nostri
1043 2421 1156 2460 Angli-ae

96 2464 240 2503 praediffl,
255 2472 323 2494 tunc
341 2472 441 2494 coram
457 2462 540 2492 nobis
553 2461 732 2499 praesentibus
748 2461 781 2490 &
793 2459 948 2496 specialiter
968 2468 1019 2496 per
1044 2469 1097 2490 nos
1120 2460 1155 2490 ad

96 2504 153 2534 hoc
170 2504 277 2534 vocatis
297 2501 447 2540 (adhibitis
460 2500 623 2530 solemniter
636 2498 769 2537 requisitis
782 2498 815 2528 &
829 2496 984 2535 consuetis)
1004 2497 1081 2535 super
1094 2499 1156 2529 san-

96 2542 141 2573 &a
157 2542 215 2572 Dei
230 2540 385 2578 Evangelia
398 2540 547 2579 solempne
559 2537 686 2578 praestitit
699 2537 931 2567 Sacramentum:

132 2579 275 2611 Dedimus
294 2580 423 2618 insuper,
441 2580 474 2609 &
490 2577 526 2607 de
545 2577 668 2608 ulteriori
689 2575 790 2606 Gratia
812 2574 905 2605 nostra
920 2575 1046 2613 speciali,
1064 2585 1097 2606 ac
1121 2585 1156 2606 ex

93 2628 168 2650 certa
191 2619 313 2649 Scientia
334 2619 367 2649 &
389 2626 472 2648 mero
497 2615 587 2647 Motu
608 2614 709 2645 nostris
729 2613 870 2652 praedicitis
893 2612 1098 2651 concessimus,
1117 2625 1152 2645 ac

94 2668 145 2696 per
165 2657 332 2695 Praesentes,
352 2666 405 2694 pro
428 2654 527 2686 Nobis
550 2654 722 2686 Haeredibus
737 2654 770 2685 ὃτ-
794 2651 1010 2682 Successoribus
1030 2653 1132 2683 nostris
1147 2676 1156 2691 ‚

96 2699 196 2727 damus
211 2697 243 2727 ὃς
258 2696 445 2725 concedimus
460 2694 552 2724 eidem
568 2693 700 2729 Roberto‚
717 2702 732 2722 a
749 2690 848 2722 Nobis
861 2692 891 2720 iri
911 2690 1028 2728 Regem
1050 2692 1157 2722 Armo-

95 2744 159 2765 rum
181 2745 215 2765 ac
236 2733 424 2771 Principalem
447 2732 604 2762 Heraldum
627 2730 755 2761 Partium
779 2728 950 2759 Australium
966 2729 1156 2760 Orientalium

93 2775 127 2805 ὃς
144 2773 393 2810 occidentalium,
409 2778 438 2802 ut
452 2770 614 2809 praefertur,
630 2769 742 2805 erecto,
761 2770 869 2806 Viginti
886 2767 986 2797 Libras
1002 2767 1156 2807 Sterlingo-

93 2822 158 2842 rum
174 2822 222 2849 per
246 2812 383 2849 Annum,
403 2811 511 2841 ratione
530 2810 563 2840 &
579 2808 659 2839 causa
678 2806 802 2845 ejusdem
825 2805 948 2843 Officii,
966 2807 1158 2843 percipiendas

94 2850 189 2880 eidem
208 2848 339 2887 Roberto,
354 2859 370 2878 a
386 2848 469 2878 Festo
491 2848 588 2878 Sanffl
606 2846 755 2877 Michaelis
769 2844 940 2882 Archangeli
957 2844 1062 2875 ultimo
1086 2855 1157 2882 prae-

95 2889 179 2919 terito
194 2888 338 2918 annuatim
355 2887 388 2917 ὃς
405 2886 518 2922 singulis
532 2887 625 2915 Annis
648 2886 766 2915 durante
780 2883 848 2913 Vita
868 2882 932 2920 sua,
954 2882 990 2912 de
1011 2883 1157 2915 Thesauro

94 2926 193 2957 nostro
210 2925 367 2956 I-laeredum
383 2925 415 2955 &
430 2923 633 2955 Successorum
649 2922 823 2959 nostrorum,
839 2921 873 2951 ad
888 2921 1049 2959 Receptam
1067 2922 1157 2954 Scac-

95 2967 163 2996 carii
186 2963 273 2995 nostri
296 2963 455 2994 Heredum
483 2964 516 2994 &
540 2961 742 2993 Succefforum
765 2960 952 3003 nostrorum,
979 2970 1029 2998 per
1051 2960 1159 2992 Manus

50 3014 53 3017 ⁴
94 3003 271 3035 Thesaurarii
286 3003 318 3033 δε
339 3001 568 3032 Camerariorum
586 3000 632 3031 seu
653 3000 775 3030 aliorum
801 2997 1023 3029 Officiariomm
1043 2999 1156 3030 nostro·

95 3052 159 3073 rum
184 3041 343 3072 Haeredum
365 3041 398 3071 &
421 3040 626 3071 Succefforum
648 3038 813 3069 nostrorum
835 3036 943 3067 ibidem
960 3047 1012 3075 pro
1029 3045 1158 3076 tempore

96 3080 290 3118 existentium,
314 3079 348 3109 ad
372 3078 453 3110 Festa
474 3077 714 3109 Annunciationis
738 3075 829 3107 Beatae
853 3075 956 3106 Mariae
976 3076 1102 3115 Virginis
1122 3079 1157 3109 &

99 3119 249 3150 Michaelis
263 3118 434 3156 Archangeli
455 3119 542 3155 aequis
554 3116 757 3153 PortionibuS,
776 3115 831 3144 una
847 3124 917 3145 cum
931 3114 979 3145 tali
996 3114 1159 3146 Liberatura

97 3159 130 3188 &
150 3156 289 3194 Vestura,
306 3155 380 3194 quali
397 3157 430 3186 δε
444 3157 472 3185 in
489 3155 594 3185 eisdem
611 3154 702 3185 modo
715 3154 748 3184 &
763 3153 858 3184 forma
874 3162 958 3190 prout
972 3153 1071 3191 aliquis
1093 3155 1161 3184 alius

97 3195 163 3226 Rex
187 3197 346 3226 Armorum
369 3194 426 3224 five
449 3193 608 3224 Herauldus
634 3202 763 3229 tempore
790 3191 928 3220 Edwardi
953 3196 1039 3222 Tertii
1065 3202 1155 3229 nuper

97 3237 175 3272 Regis
198 3233 314 3271 Angliae
337 3232 533 3270 Progenitoris
553 3231 643 3261 nostri
667 3230 786 3260 existens
806 3231 835 3260 in
852 3229 960 3268 Regno
976 3230 1074 3261 nostro
1088 3241 1161 3269 prae-

96 3273 194 3310 dicto,
212 3273 311 3303 habuit
326 3273 359 3303 &
374 3272 517 3311 percepit,

134 3311 288 3341 Habendas
303 3311 336 3341 &
353 3310 546 3348 percipiendas
560 3308 753 3339 Liberaturam
769 3309 803 3339 &
824 3305 974 3337 Vesturam
998 3307 1160 3345 hujusmodi

99 3349 195 3380 eidem
214 3349 328 3378 Roberto
354 3349 496 3379 annuatim
521 3357 572 3385 pro
593 3347 738 3376 Termino
761 3345 837 3376 Vitae
862 3345 916 3375 suae
932 3369 942 3383 ,
966 3345 1000 3376 ad
1024 3356 1159 3383 magnam

97 3387 297 3418 Garderobam
314 3387 441 3417 nostram
457 3385 615 3417 Haeredum
633 3386 666 3416 ὃς
683 3383 885 3415 Succefforum
908 3383 1093 3422 nostrorum,
1110 3395 1159 3422 per

99 3436 198 3456 manus
216 3425 350 3456 Custodis
364 3426 486 3463 ejusdem
503 3424 681 3455 Garderobae
696 3424 799 3453 nosttae
813 3421 969 3452 Haeredum
991 3424 1024 3454 &
1042 3422 1160 3453 Succes-

95 3464 189 3494 sorum
213 3463 376 3494 nostrorum
420 3474 453 3493 ro
478 3473 608 3502 tempore
630 3461 790 3499 existenti33
819 3460 914 3500 aliquo
945 3460 1059 3492 Statuto
1083 3461 1159 3492 Actu

96 3502 286 3533 Ordinatione
302 3502 389 3532 Provi
402 3511 468 3532 ione
486 3502 542 3531 five
558 3499 753 3530 Restritstione
775 3499 841 3529 inde
861 3501 891 3528 in
908 3501 1084 3530 contrarium
1107 3500 1160 3529 ha-

96 3541 161 3571 bitis
182 3541 262 3571 factis
282 3541 362 3571 editis
383 3541 516 3570 ordinatis
539 3539 593 3569 sive
612 3539 746 3577 provisis,
764 3546 810 3567 aut
824 3537 916 3577 aliqua
933 3537 985 3569 alia
1001 3537 1050 3569 Re
1066 3537 1160 3569 Causa

97 3580 143 3611 vel
160 3579 283 3609 Materia
300 3589 496 3616 quacumque,
516 3579 545 3608 in
560 3578 654 3617 aliquo
671 3586 730 3607 non
746 3575 940 3607 obstantibus:

137 3617 183 3648 Eo
199 3618 276 3655 quod
293 3617 417 3654 expreffa
432 3618 561 3657 mentio,
578 3618 642 3647 &c.

136 3654 169 3685 In
185 3657 264 3693 cujus
280 3657 335 3693 rei,
355 3656 416 3686 &c.

103 3728 140 3761 M
157 3694 256 3736 ⁸*Teste
278 3694 393 3734 Regina
414 3693 488 3733 apud
517 3690 777 3732 Wstmonasterium
793 3712 804 3729 ,
826 3690 965 3722 vicesimo
993 3692 1091 3729 primo
1110 3691 1157 3724 die

142 3741 181 3762 aii.

591 3809 645 3838 Per
660 3809 753 3837 Breve
765 3805 797 3836 de
813 3807 934 3838 Privato
949 3805 1049 3845 Sigillo.

567 67 1372 120 CONVENTIONES‚

1427 69 1819 123 LITERAE,

2284 184 2362 217 Ann.
2374 185 2417 218 D.

1444 245 1465 266 *
1489 247 1539 280 De
1564 244 1696 290 chestre,
1717 246 1876 287 Herauldo,
1899 258 2008 285 creato.
2285 224 2399 300 ςιιὲιιᾷέ.ι

1199 331 1506 386 REginaomnibus
1519 335 1554 366 ad
1570 345 1657 375 quOS,
1675 338 1738 369 &c.
1753 336 1890 369 Salutem.
2283 339 2303 359 *Ξ
2321 307 2401 371 {gh

1298 371 1398 402 Sciatis
1418 375 1499 411 quod
1517 374 1604 412 Nos,
2324 381 2391 411 670.

1238 409 1286 454 De
1301 409 1401 442 Gratia
1416 411 1510 456 nostra
1524 413 1654 452 speciali,
1668 424 1702 445 ac
1718 424 1753 445 ex
1778 422 1854 446 certa
1870 414 1995 446 Scientia
2017 417 2051 448 &
2074 426 2154 449 mero
2173 416 2261 448 Motu
2284 416 2362 448 Ann.
2377 417 2418 448 D.

1199 447 1314 492 nostris,
1330 460 1383 480 nec
1398 460 1458 494 non
1473 452 1727 484 inconsideratione
1742 454 1812 484 boni
1825 454 1930 485 veri&
1946 454 2033 485 fidelis
2047 454 2158 487 Servitii
2171 456 2260 496 quod,
2290 464 2292 466 '
2306 456 2391 495 1567.

1200 487 1332 530 Dileffitus
1355 488 1484 520 Serviens
1504 489 1600 521 noster
1615 513 1626 529 ,
1651 490 1798 529 Johannes
1816 494 1896 523 Hart
1918 492 1983 523 alias
2001 493 2174 524 Newhaven
2191 506 2262 527 unus
2286 499 2345 523 ΡΜ.
2370 506 2398 530 9-

1200 526 1441 570 Purlivandorum
1464 528 1627 559 nostrorum
1649 529 1684 560 ad
1706 531 1815 569 Arma,
1833 531 1931 562 Nobis
1956 539 2021 562 ante
2043 532 2106 563 haec
2133 541 2263 572 tempora
2286 534 2357 562 eliz.
2375 541 2402 571 p.

1201 565 1363 609 impendit,
1381 567 1415 597 &
1429 566 1548 612 durante
1560 566 1627 598 Vita
1642 568 1689 599 sua
1704 570 1870 606 impendere
1884 571 2022 608 intendit,
2288 582 2360 610 7.m.
2372 582 2416 610 33.

1240 603 1374 647 Fecimus
1388 615 1601 637 nominavimus
1615 608 1775 638 creavimus
1790 609 1927 640 ereximus
1947 610 2147 641 constituimus
2166 610 2200 641 &
2219 612 2266 641 in-

1202 642 1385 688 vestmimus,
1404 653 1438 675 ac
1459 655 1508 683 per
1534 644 1684 676 Praesentes
1704 647 1826 678 facimus
1841 649 2027 679 nominamus
2040 658 2169 680 creamus
2182 649 2267 687 erigi-

1202 690 1266 710 mus
1281 681 1479 714 constituimus
1495 684 1706 715 &investimus
1728 684 1852 716 eundem
1872 685 2032 724 Johannem
2052 698 2144 718 unum
2161 687 2267 718 Heral-

1202 719 1459 766 dorum-nostrorum
1474 723 1515 752 ad
1525 726 1636 760 Arma,
1652 725 1735 761 eique
1753 723 1877 754 Nomen
1893 724 1960 755 illud
1973 726 2124 762 vulgariter
2141 725 2169 756 C
2178 735 2201 756 Η
2211 736 2229 757 Ε
2239 736 2267 756 s-

1204 766 1276 801 ’1JRE
1299 769 1493 803 imponimuS‚
1509 771 1543 792 ac
1560 761 1666 792 Stilum
1685 762 1817 794 Titulum
1842 763 1999 794 Libertates
2021 764 2055 795 &
2072 765 2266 796 Praeeminen-

1202 804 1253 827 tias
1276 797 1434 836 huJulmodi
1454 799 1568 831 Officio
1591 802 1791 832 convenientia
1814 803 1846 834 ὃ(
1871 802 2076 835 concordantia
2095 805 2132 835 ab
2144 805 2264 844 antiquo

1204 835 1352 875 consueta,
1369 838 1468 869 damus
1482 840 1515 870 &
1532 839 1719 870 concedimus
1735 850 1781 876 per
1795 839 1966 879 Praesentes,

1241 873 1419 919 Habendiim
1435 879 1469 909 &
1482 878 1674 909 exercendum
1691 878 1834 909 Officium
1852 879 1936 916 illud,
1955 890 1989 910 ac
2012 879 2137 912 Nomen
2162 880 2266 912 Stilum

1204 912 1337 958 Titulum
1354 914 1509 947 Libertates
1529 918 1562 948 &
1576 917 1809 947 Praeeminentias
1822 917 1976 955 praedicta,
1996 919 2114 955 praefato
2135 919 2267 958 Johanm'

1203 953 1284 981 Hart
1299 953 1365 983 alias
1380 953 1504 994 chestre,
1522 955 1638 986 durante
1652 955 1718 987 Vita⁴
1732 955 1795 993 sua,

1241 989 1277 1021 Et
1292 991 1403 1023 ulterius
1418 993 1626 1030 concessimus,
1643 1004 1677 1025 ac
1693 1003 1743 1032 per
1759 993 1930 1032 Praesentes,
1946 1004 2000 1035 pro
2014 993 2116 1025 Nobis
2131 995 2268 1027 Haeredi-

1204 1029 1255 1075 bu}
1271 1031 1304 1061 δε
1325 1030 1541 1062 Succefforibus
1563 1032 1666 1063 nostris
1680 1054 1690 1071 ,
1714 1032 1900 1064 concedimus
1921 1034 2015 1064 eidem
2038 1033 2168 1072 Johanni
2189 1037 2269 1066 Har:

1204 1067 1269 1112 alias
1284 1068 1406 1113 chestre,
1425 1070 1538 1108 singulis
1556 1071 1648 1102 Annis
1663 1071 1780 1102 durante
1797 1071 1861 1102 Vita
1875 1071 1922 1102 sua
1937 1072 2087 1111 praedieta,
2106 1083 2160 1111 pro
2179 1073 2271 1104 Exer-

1205 1115 1275 1150 citio
1289 1107 1393 1139 Officii
1408 1109 1558 1148 praedicti,
1577 1110 1720 1150 quandam
1739 1111 1923 1141 Annuitatem
1946 1111 2002 1142 sive
2014 1113 2165 1143 annualem
2185 1112 2269 1143 Red-

1205 1145 1300 1177 ditum
1317 1150 1421 1185 Viginti
1436 1151 1599 1178 Marcarum
1615 1150 1703 1180 bonae
1716 1149 1750 1180 &
1764 1149 1859 1186 legalis
1876 1149 2009 1181 Monetae
2023 1151 2157 1190 Angliae,

1244 1184 1417 1218 Habendam
1431 1189 1464 1219 &
1478 1190 1622 1218 annuatim
1638 1188 1850 1227 percipiendam
1865 1187 1960 1218 eidem
1970 1189 2188 1229 Johanm'Hart
2201 1190 2268 1220 alias

1206 1222 1354 1267 chestre,a
1370 1225 1453 1256 Festo
1468 1226 1703 1269 Annunciationis
1718 1227 1810 1257 Beata:
1826 1226 1931 1257 Mariae
1941 1226 2067 1266 Virginis
2079 1228 2185 1260 ultimo
2197 1237 2272 1266 prae-

1206 1266 1434 1307 terito,durante
1445 1265 1513 1295 Vita
1527 1265 1589 1304 sua,
1607 1265 1643 1295 de
1658 1266 1807 1296 Thesauro
1822 1265 1933 1304 nostrO,
1951 1267 1984 1298 ad
2003 1267 2166 1305 Receptam
2181 1266 2270 1297 Scae-

1207 1311 1276 1345 ·ca'rii
1290 1302 1398 1340 nostri,
1415 1314 1464 1342 per
1481 1303 1585 1334 Manus
1607 1304 1783 1336 Thesautarii
1799 1306 1833 1336 &
1850 1303 2084 1338 Camerariorum
2104 1305 2271 1336 nostrorum

1205 1340 1313 1371 ibidem
1329 1352 1391 1384 ⁴pro
1411 1351 1541 1380 tempore
1563 1343 1760 1381 existentium,
1778 1343 1811 1374 ad
1836 1342 1914 1374 Festa
1937 1343 2035 1375 Sancti
2049 1344 2201 1376 Michaelis
2214 1345 2272 1376 Ar-

1207 1379 1353 1423 changeli,
1375 1382 1411 1412 &
1435 1381 1673 1413 Annunciationis
1691 1381 1782 1413 Beatae
1804 1382 1910 1412 Mariae
1930 1382 2055 1423 Virginis
2076 1393 2126 1422 per
2147 1384 2270 1421 aequales

1208 1418 1360 1461 Portiones
1382 1419 1545 1451 solvendam
1562 1443 1572 1458 ‚
1596 1422 1652 1451 una
1676 1431 1746 1452 cum
1767 1421 1904 1451 omnibus
1923 1421 1982 1452 aliis
2003 1421 2271 1453 Commoditatibus

1207 1457 1346 1501 Broncuis
1361 1458 1545 1498 Advantagiis
1565 1459 1789 1490 Praeeminentiis
1806 1460 1839 1490 ὃς
1854 1458 2064 1492 Emolumentis
2083 1463 2177 1492 eidem
2191 1459 2270 1492 Offi⁴

1207 1506 1257 1526 cio
1280 1496 1382 1527 debitis
1406 1499 1440 1529 &
1464 1497 1624 1537 consuetis,
1641 1499 1670 1529 in
1693 1507 1753 1530 tam
1774 1497 1876 1536 amplis
1898 1499 1991 1530 modo
2014 1501 2048 1532 &
2067 1499 2161 1531 forma
2183 1508 2269 1541 prout

1206 1534 1336 1565 Robertus
1353 1537 1436 1567 Cooke
1450 1547 1539 1575 nuper
1556 1537 1675 1575 habuit,
1691 1546 1738 1568 aut
1759 1538 1859 1576 aliquis
1876 1536 1943 1568 alius
1964 1538 2020 1569 five
2035 1539 2119 1579 aliqui
2139 1538 2185 1571 alii
2206 1536 2271 1569 Hess

1205 1573 1348 1604 raldorum
1368 1575 1530 1606 nostrorum
1548 1586 1637 1613 nuper
1657 1576 1758 1607 habuit
1779 1575 1811 1606 &
1832 1577 1971 1615 percepit,
1986 1577 2148 1612 habuerunt
2159 1578 2193 1610 &
2206 1587 2272 1616 pere

1205 1621 1343 1650 ceperunt
1361 1623 1414 1651 pro
1433 1613 1570 1644 Exercito
1588 1614 1691 1644 Officii
1710 1614 1857 1650 praedieti3

1240 1651 1286 1681 Eo
1304 1652 1383 1694 quod
1396 1652 1520 1690 expreffa
1535 1654 1663 1690 menne,
1679 1653 1742 1684 &c.

1242 1689 1276 1719 Iti
1298 1699 1377 1726 cujus
1394 1692 1450 1729 rei,
1469 1692 1531 1721 &c-

1202 1766 1231 1795 1¹·
1275 1728 1366 1759 Teste
1378 1728 1493 1769 Regina
1507 1728 1584 1767 apud
1603 1727 1883 1769 Wstmonasterium,
1900 1729 2016 1759 decimo
2031 1730 2139 1763 oc’tavo
2159 1731 2205 1764 die
2214 1730 2269 1770 Ju·s

1213 1777 1242 1796 ii.

1636 1809 1691 1836 Per
1711 1809 1806 1836 Breve
1825 1806 1858 1836 de
1876 1808 1996 1837 Privato
2009 1805 2108 1844 Sigillo.

1542 1940 1592 1972 De
1613 1941 1749 1971 LicentIa
1773 1941 1801 1972 E
1803 1939 1816 1971 l
1817 1937 1915 1986 igena'i
1917 1964 1926 1972 .

1203 2022 1369 2079 REgtna,
1394 2022 1504 2067 dileffis
1526 2023 1576 2054 fibi
1599 2025 1629 2055 in
1657 2023 1780 2056 Christo
1800 2027 1910 2055 nesano
1932 2022 1970 2060 «φ
1991 2023 2114 2063 capitulo
2135 2023 2271 2058 Ecciefiae
2292 2020 2424 2054 Anu-nv

1260 2062 1434 2093 Cathedralis
1454 2062 1562 2093 Christi
1581 2063 1683 2094 Oxon.
1700 2064 1834 2094 Salutem.
2318 2062 2408 2100 1567.

1239 2100 1284 2131 Ex
1305 2111 1381 2138 parte
1399 2100 1489 2132 vestra
1504 2103 1588 2133 nobis
1603 2102 1645 2133 est
1663 2102 1810 2134 humiliter
1836 2102 2023 2140 supplicatum
2043 2110 2092 2141 ut,
2116 2103 2188 2134 cum
2209 2102 2269 2134 Ec—
2325 2101 2392 2128 ibid.

1201 2139 1283 2170 cleiia
1299 2140 1448 2179 praedic'ta,
1466 2151 1515 2178 per
1533 2139 1664 2172 Mortem
1682 2141 1775 2172 ultimi
1790 2140 1926 2179 Episcopi
1945 2141 2070 2179 ejusdem
2081 2165 2091 2180 ,
2105 2142 2165 2180 jam
2184 2151 2268 2173 vacet
2289 2144 2314 2175 P·
2326 2148 2371 2176 13·
2383 2140 2425 2168 m?

1202 2179 1235 2209 ὃς
1258 2178 1381 2209 Pastoris
1406 2178 1438 2210 fit
1462 2180 1559 2210 solatio
1576 2180 1729 2218 destituta,
1746 2179 1833 2211 alium
1850 2180 1933 2211 vobis
1950 2179 2074 2219 eligendi
2095 2181 2124 2210 iri
2147 2180 2266 2220 Episco-
2291 2186 2332 2214 3¹·

1201 2227 1272 2285 dpum
1283 2218 1324 2286 ἐξ
1340 2217 1487 2248 Pastorem
1505 2218 1667 2249 Licentiam
1691 2218 1820 2249 nostram
1839 2217 2028 2250 fundatoriam
2053 2219 2138 2251 vobis
2159 2229 2269 2252 conce-

1222 2266 1268 2286 ere
1305 2265 1463 2286 ionaremur

1239 2295 1273 2325 N
1276 2280 1331 2332 os?
1340 2280 1482 2339 'Precibus²
1494 2295 1591 2326 vestris
1608 2297 1638 2326 in
1657 2297 1710 2327 'nac
1730 2305 1807 2334 parte
1824 2295 2015 2328 favorabiliter
2033 2294 2217 2338 inclinantes,
2234 2298 2269 2330 il-

1200 2333 1257 2364 lam
1276 2334 1358 2363 vobis
1375 2334 1509 2365 duximus
1526 2334 1762 2373 concedendam,

1239 2372 1384 2417 Rogantes
1402 2374 1482 2411 quod
1502 2373 1587 2404 talem
1605 2375 1687 2404 vobis
1705 2373 1741 2404 eli
1762 2375 1810 2405 atis
1825 2374 1854 2403 iri
1870 2372 2046 2412 Episcopum
2060 2374 2095 2405 &
2109 2373 2271 2415 Pastorem,

1200 2411 1336 2480 quistDeo
1354 2411 1506 2451 Devoms,
1522 2412 1676 2450 Nobisque
1695 2414 1729 2444 δε
1783 2422 1859 2451 egno
1878 2412 1979 2444 nostro
2003 2411 2094 2443 Utilis
2117 2413 2151 2444 &
2168 2413 2270 2445 Fidelis

1200 2459 1242 2480 exi
1269 2459 1304 2481 at.

1236 2488 1270 2519 In
1289 2490 1366 2527 cujus
1381 2490 1419 2519 rei
1433 2488 1670 2527 Testimonium,
1685 2488 1747 2519 &c-

1271 2526 1360 2558 Teste
1376 2527 1491 2567 Regina
1505 2528 1579 2568 apud
1594 2527 1764 2565 Gorambury
1780 2526 1877 2564 primo
1891 2525 1938 2556 die
1953 2526 2135 2565 Septembris.

1741 2605 1794 2633 Per
1810 2605 1903 2633 Breve
1915 2603 1947 2633 de
1955 2605 2076 2634 Privato
2089 2602 2190 2643 Sigillo.

1272 2728 1299 2754 ³ss
1324 2732 1374 2764 De
1401 2727 1572 2774 Conceffione
1595 2726 1640 2761 ad
1665 2731 1774 2763 Vitam
1790 2739 1847 2774 pro
1867 2729 1914 2761 A.
1939 2726 1977 2761 de
1998 2701 2192 2775 Farrabosciv.

2289 2738 2311 2760 Φ
2334 2742 2405 2771 xv:

1202 2816 1352 2872 REgina
1367 2817 1505 2864 omnibus
1518 2815 1552 2846 ad
1567 2823 1654 2854 qu05,
1674 2815 1737 2845 &c.
1752 2813 1888 2845 Salutem.
2287 2782 2416 2849 Ar‘ltlfb„

1299 2856 1399 2887 Sciatis
1414 2854 1495 2894 quod
1514 2854 1601 2892 Nos,
2247 2879 2250 2882 .
2309 2859 2409 2894 1567„-

1240 2894 1274 2925 In
1291 2894 1513 2926 consideratione
1531 2893 1601 2923 boni
1619 2892 1652 2923 &
1671 2891 1851 2929 acceptabilis
1865 2890 1978 2922 Servitii
1998 2889 2099 2921 Nobis
2136 2899 2185 2929 per
2205 2889 2265 2922 Di-
2287 2894 2350 2924 [bid.
2362 2902 2390 2932 p,

1200 2934 1310 2965 lcitum
1337 2933 1515 2964 Servientem
1532 2931 1681 2968 nostrum,
1708 2929 1877 2970 Alphonficm
1902 2930 1935 2959 de
1964 2929 2086 2959 farrabo
2102 2940 2129 2959 co
2146 2930 2264 2962 antehac
2290 2942 2333 2968 14.
2348 2942 2386 2961 m.

1201 2973 1318 3009 impenfi
1338 2974 1371 3004 &
1389 2970 1596 3009 imposterum,
1614 2969 1732 3000 durante
1748 2968 1816 2999 Vita
1835 2968 1897 3005 sua,
1917 2967 2122 3006 impendendi,
2289 2980 2334 3007 27.

1239 3011 1288 3041 De
1301 3010 1399 3041 Gratia
1418 3010 1512 3040 nostra
1529 3007 1659 3047 speciali,
1677 3017 1710 3038 ac
1730 3016 1764 3036 ex
1782 3015 1857 3038 certa
1870 3006 1994 3036 Scientia
2013 3007 2047 3038 ὃς
2066 3016 2148 3037 mero
2173 3006 2264 3041 Motu

1202 3050 1323 3088 nostris,
1347 3048 1478 3079 dedimus
1503 3049 1536 3080 δε
1562 3045 1772 3084 concessimus,
1789 3055 1824 3075 ac
1847 3055 1895 3083 per
1918 3045 2092 3084 Praesenres,
2115 3054 2169 3084 pro
2192 3046 2264 3077 No-

1202 3090 1246 3118 bis
1271 3088 1442 3118 Haetedibus
1466 3088 1499 3119 &
1526 3083 1741 3117 Succefforibus
1766 3082 1888 3122 nostris,
1905 3083 2006 3114 damus
2024 3085 2058 3116 &
2075 3085 2264 3116 concedimus

1202 3128 1295 3157 eidem
1311 3125 1451 3165 Alphonfh
1468 3127 1501 3154 de
1514 3122 1693 3161 Farrabosco,
1712 3122 1853 3160 quandam
1878 3122 2066 3153 Annuitatem
2086 3123 2142 3155 sive
2159 3133 2265 3155 annua-

1201 3166 1261 3196 lem
1276 3166 1435 3196 Redditum
1451 3167 1565 3193 Centum
1579 3162 1731 3192 Librarum
1750 3160 1843 3199 legalis
1858 3160 1991 3191 Monetae
2007 3160 2113 3192 nostrae
2130 3161 2266 3201 Angliae‚

1242 3203 1417 3234 Habendam
1441 3204 1475 3234 &
1502 3201 1680 3239 gaudendam
1699 3200 1868 3238 praedietam
1886 3201 2062 3230 annuitatem
2080 3201 2137 3231 five
2156 3210 2265 3231 annua-

1203 3244 1260 3274 lem
1275 3242 1438 3273 Redditum
1455 3244 1569 3271 Centum
1584 3239 1733 3269 Librarum
1750 3238 1869 3276 praefato
1890 3236 2030 3277 Alphonfh
2047 3239 2080 3268 de
2101 3239 2266 3276 Farrabafito

1203 3283 1236 3312 &
1263 3280 1416 3318 Affignatis
1432 3279 1501 3318 suis,
1519 3290 1536 3310 a
1559 3277 1644 3309 Festo
1668 3277 1835 3308 Nativitatis
1856 3276 1954 3307 SanCn
1974 3276 2111 3315 Johannis
2134 3277 2265 3317 Baptistae

1202 3321 1308 3351 ultimo
1326 3319 1467 3358 praeterito
1484 3327 1550 3348 ante
1573 3316 1678 3347 Datam
1701 3315 1905 3352 praesentium,
1922 3315 2043 3347 durante
2064 3315 2133 3348 Vita
2149 3316 2196 3348 sua
2224 3316 2263 3354 (fi

1203 3359 1312 3390 tamdiu
1332 3360 1362 3387 iri
1382 3358 1439 3388 hoc
1458 3356 1563 3395 Regno
1580 3353 1838 3394 permanserit‚nisi
1854 3361 1925 3384 cum
1935 3353 2067 3385 Licentia
2084 3354 2179 3385 nostra
2192 3354 2264 3388 Hae-

1200 3398 1302 3429 redum
1321 3397 1354 3427 &
1369 3394 1570 3427 Succefforum
1586 3393 1747 3424 nostrorum
1765 3391 1800 3423 ad
1818 3392 1922 3430 aliquas
1938 3391 2031 3423 Partes
2048 3401 2152 3424 exteras
2169 3394 2259 3424 inter-

1201 3446 1233 3467 ea
1265 3436 1300 3466 ad
1326 3434 1441 3474 aliquod
1468 3441 1580 3471 tempus
1611 3431 1723 3462 tl'anfire
1748 3431 1897 3468 permiffus
1922 3430 2022 3468 fuerit)
2050 3431 2261 3472 percipiendam

1200 3476 1271 3505 vero
1289 3473 1408 3504 eandem
1425 3472 1610 3503 Annuitatem
1638 3471 1695 3500 sive
1719 3469 1869 3501 annualem
1889 3468 2050 3500 Redditum
2070 3473 2182 3500 Centum
2196 3470 2262 3498 Li.

1200 3514 1309 3543 brarum
1328 3512 1446 3551 praefato
1467 3508 1612 3548 Alphonso
1633 3508 1796 3547 Farrabofi'o
1813 3509 1847 3539 &
1867 3507 2022 3545 Affignati's
2037 3508 2107 3545 suis,
2121 3506 2157 3537 de
2178 3505 2261 3536 The-

1199 3553 1280 3583 sauro
1298 3550 1394 3581 nostro
1408 3549 1570 3580 Haeredum
1584 3549 1617 3580 δε
1631 3547 1833 3578 Succefforum
1852 3546 2033 3584 nostrorum,
2048 3545 2083 3577 ad
2098 3545 2262 3582 Receptam

1200 3590 1342 3622 Scaccarii
1367 3588 1456 3619 nostri
1476 3587 1636 3618 Haeredum
1653 3587 1686 3617 ὃ(
1704 3585 1905 3617 Succefforum
1923 3584 2106 3622 nostrorum,
2132 3592 2181 3621 per
2197 3591 2261 3613 ma-

1200 3640 1254 3659 nus
1273 3627 1449 3658 Thesaurarii
1467 3628 1501 3658 &
1518 3625 1752 3656 Camerariorum
1772 3624 1936 3656 nostrorum
1955 3621 2112 3653 Haeredum
2129 3622 2164 3652 ὃ(
2185 3619 2258 3651 Suc-

1199 3668 1343 3698 cefforum
1372 3665 1532 3695 nostrorum
1554 3664 1661 3693 ibidem
1681 3673 1734 3702 pro
1760 3671 1891 3700 tempore
1907 3660 2100 3697 existentium,
2123 3657 2157 3688 ad
2176 3658 2258 3692 Festa

1200 3706 1297 3736 Saneti
1312 3704 1461 3735 Michaelis
1475 3701 1672 3741 2Archange1i,
1692 3701 1803 3732 Natalis
1823 3701 1965 3738 Domini,
1983 3697 2115 3734 Paschae,
2132 3699 2166 3728 &
2188 3697 2255 3741 Na-

1198 3745 1313 3813 tiiltitatig·
1327 3743 1423 3773 Sancti
1433 3741 1573 3780 johannis
1582 3739 1729 3778 Baptistae,
1748 3750 1797 3778 per
1812 3739 1929 3779 aequales
1945 3738 2093 3770 Portiones
2107 3744 2253 3769 annuatim

1196 3784 1226 3814 so
1239 3794 1293 3813 ven
1315 3792 1379 3819 am,

1235 3821 1283 3852 Eo
1298 3820 1378 3858 quod
1389 3817 1511 3857 expressa
1525 3818 1655 3856 menne,
1673 3817 1733 3849 &c.

1233 3858 1268 3890 In
1284 3859 1364 3895 cujus
1376 3859 1433 3895 rei,
1450 3859 1512 3890 &c.

1272 3895 1363 3929 Teste
1376 3896 1493 3936 Regina
1504 3895 1578 3936 apud
1597 3894 1783 3934 Gommbury,
1800 3893 1839 3924 vi.
1854 3890 1901 3920 die
1915 3888 2065 3921 octobris.

1679 3972 1732 4000 Per
1750 3970 1844 3998 Breve
1859 3967 1891 3998 do
1903 3969 2024 4000 Privato
2039 3965 2141 4007 Sigillo.
2197 4007 2256 4036 Rs
