2542 4274
819 159 927 199 ET
1015 159 1275 201 ACTA
1361 160 1832 205 PUBLICA⁰

69 248 146 279 Ann.
160 246 201 279 D.
219 246 290 277 stros
313 247 451 286 pertinere
473 244 586 283 possent
605 244 650 274 vel
671 244 824 282 deberent,
850 253 910 275 tam
923 244 959 275 de
975 244 1056 276 dietis
1072 245 1177 284 Anno,
1195 246 1270 282 Die,
1310 243 1452 275 missiones
1468 245 1528 289 suas
1542 246 1570 274 in
1587 246 1690 276 eisdem
1707 247 1786 290 Villis
1801 250 1834 279 ὃς
1852 250 1995 283 Dominiis
2008 254 2043 284 de
2061 253 2190 293 Beverley
2205 254 2236 284 &
2254 256 2366 292 Rippon,
2384 254 2457 287 Anti.
2474 251 2516 286 D:

92 297 175 327 1534-
220 285 309 316 Vasto
327 288 360 317 &
374 285 512 321 Strepp0‚
531 285 616 320 quam
631 282 665 313 de
683 282 823 320 Murdris,
842 283 860 302 ³*
877 283 1000 321 Escapiis
1017 284 1153 314 Felonum
1165 308 1174 323 ,
1192 284 1271 326 Rap-
1311 282 1345 324 de
1360 291 1532 327 temporem
1549 292 1659 322 tempus
1673 294 1801 328 quotiens
1814 298 1886 324 opus
1901 292 2020 321 viderint
2040 296 2073 324 &
2088 296 2215 329 neceiie,
2230 292 2360 330 justicia-
2401 301 2487 334 1534.

72 333 133 357 Han.
157 327 182 356 8.
219 325 292 355 tibus
308 323 481 357 Mulierum,
498 322 530 351 &
549 321 669 351 Feloniis
683 321 925 358 quibuscumque,
941 324 975 352 de
987 322 1119 353 omnibus
1133 323 1273 353 Homini—
1310 331 1364 364 rios
1380 325 1442 350 {uos
1456 321 1552 358 Paeis,
1570 323 1603 352 ad
1619 333 1718 353 omnia
1733 325 1764 353 ὃς
1777 327 1877 363 lingula
1901 329 1928 356 in
1943 331 2080 366 praedietis
2102 331 2181 361 Villis
2202 334 2233 361 ὅ(
2254 330 2360 360 Domi·
2380 340 2441 363 Hm*
2462 336 2488 359 s„

69 367 87 384 Ψ
100 368 182 395 le.
219 364 271 393 bus
291 362 323 392 &
344 360 521 390 Tenentibus
546 368 603 389 tam
626 359 821 389 Relidcntibus
843 359 929 395 quam
952 370 1011 389 non
1030 358 1225 391 Relidentibus
1238 360 1271 390 &
1312 369 1363 388 niis
1388 359 1419 387 αἰ»
1444 361 1575 400 Beverley
1592 360 1630 395 ὠ·
1650 365 1750 399 Rippon
1773 362 1973 404 Excercenda,
1992 367 2144 407 Facienda,
2164 369 2313 400 Audienda
2331 369 2364 399 ὗε

2292 174 2370 222 217

76 409 138 437 540·
217 401 274 431 aliis
298 398 496 428 Refidentibus
510 398 732 436 quibuscumque
769 395 905 434 raedietis,
920 407 954 426 ac
970 397 1004 428 de
1022 398 1125 429 Villatis
1139 401 1172 430 &
1188 399 1266 428 Hun·
1311 397 1555 439 Determinanda,
1574 409 1639 443 quae
1665 401 1699 430 ad
1720 399 1896 445 Justiciarios
1921 402 1995 433 Pacis
2019 407 2208 442 quovismodo
2228 409 2368 445 pertinent

219 437 309 468 dredis
324 437 358 466 de
378 437 411 467 &
427 437 453 465 in
470 437 572 473 quibus
589 436 727 465 Dominia
774 444 841 464 errae
855 435 887 464 &
901 435 997 464 Feoda
1009 438 1138 473 praedicta
1152 437 1273 468 existunt
1312 435 1493 479 Excei‘cenda
1504 459 1512 474 ,
1532 436 1686 476 Facienda,
1705 438 1855 469 Audienda
1870 440 1902 470 &
1914 440 2124 481 Terminanda,
2144 447 2174 476 ὅ(
2192 446 2269 482 quod
2279 445 2367 475 iidem

219 476 263 505 vel
279 475 400 510 fuerint,
418 474 444 503 in
460 475 682 512 quibuscumque
699 473 792 503 Curiis
807 472 907 503 nostris
923 473 1082 504 Haeredum
1095 475 1139 505 vel
1155 476 1275 506 Succes—
1308 473 1460 517 justiciarii
1472 478 1509 504 iic
1525 476 1648 514 assignati
1664 478 1762 515 vigore
1778 476 2023 508 Commiffionum
2039 483 2233 518 praediCtarum
2249 485 2368 514 habeant

219 514 315 544 sorum
330 512 510 550 nostrorum,
530 522 586 542 tam
602 512 731 543 videlicet
746 521 843 541 coram
859 511 957 541 Nobis
971 511 1141 544 Haeredibus
1154 516 1187 546 δὲ
1201 514 1274 544 Suc·
1312 512 1466 549 plenariam
1480 512 1651 545 potestatem
1668 516 1818 551 Faciendi,
1840 516 2014 546 Excercendi
2038 520 2069 548 ὃ(
2091 520 2252 558 Exequendi
2270 524 2368 552 omnia

221 551 376 582 cessbribus
391 551 490 580 nostris
508 552 536 580 in
551 551 725 581 Cancellaria
739 549 833 580 nostra
847 548 1007 580 Haeredurn
1023 552 1055 582 δε
1069 552 1274 582 Succeflorum
1313 551 1345 580 ὅ(
1363 550 1466 588 singula
1486 561 1549 588 qua:
1560 553 1596 583 ad
1607 553 1780 591 justiciarios
1794 554 1872 583 Pacis
1888 556 2026 591 pertinent
2049 558 2172 587 facienda
2196 561 2369 591 excercenda

220 589 382 621 nostrorum
393 612 402 627 ,
420 599 452 618 ac
476 599 573 620 coram
596 589 694 618 Nobis
709 588 877 618 Haeredibus
897 590 929 620 &
944 589 1158 620 Succefforibus
1174 590 1275 620 nostris
1315 590 1348 619 ὅ(
1360 591 1538 629 exequenda,
1558 592 1591 622 ὅτ
1604 592 1680 629 quod
1697 593 1785 622 nullus
1796 592 1968 629 Justiciarius
1982 593 2146 625 nostrorum
2163 595 2315 627 Haeredum
2325 598 2367 628 vel

220 629 395 666 ubicumque
407 628 542 657 fuerimus
555 628 582 656 in
602 627 719 665 Anglia,
737 635 851 657 necnon
869 636 967 657 coram
982 623 1164 658 Thesaurario
1178 629 1210 658 &
1227 628 1276 657 Ba*
1313 626 1513 657 Succefforum
1537 628 1702 660 nostrorum
1729 630 1762 660 ad
1793 631 1916 668 Pacem,
1944 631 2013 661 infra
2036 632 2218 663 Comitatum
2240 635 2368 665 Eborum

221 667 340 697 ronibus
363 666 465 696 nostris
487 664 645 695 Haeredum
664 666 696 696 ὃ(
711 665 911 696 Successorum
929 665 1091 696 nostrorum
1106 666 1142 696 de
1155 666 1276 697 Scacca-
1316 664 1487 703 praedieturn
1499 691 1508 702 ,
1528 667 1612 697 Villas
1628 669 1660 698 ὃς
1675 668 1815 699 Dominia
1827 670 1859 699 de
1873 669 2006 710 Beverley
2018 669 2056 705 ὠ
2073 675 2179 710 Ryppon
2192 680 2237 700 aut
2252 676 2370 713 aliquam

223 707 282 742 rio,
300 706 333 736 &
355 714 454 735 coram
476 703 630 734 Batonibus
652 703 752 733 nostris
773 703 932 734 Haeredum
956 706 988 735 ὅ(
1003 704 1205 735 Succefforum
1221 715 1275 734 no-
1314 704 1359 733 vel
1374 703 1487 741 aliquod
1503 705 1691 744 eorumdem,
1712 708 1815 744 quovis
1831 708 1919 738 modo
1935 710 2105 747 ingrediitui·
2118 712 2152 740 ad
2167 710 2277 745 aliquod
2295 711 2371 740 Offi-

222 743 347 773 strorum
369 743 404 773 de
427 741 591 779 Scaccario,
611 752 643 772 ac
659 741 934 779 coramyJusticiariis
949 741 1048 773 nostris
1066 743 1227 773 Haeredum
1242 743 1276 774 &
1314 743 1393 784 cium
1410 742 1520 785 ibidem*
1530 743 1711 781 faciendum,
1728 755 1780 776 nec
1796 747 1832 776 de
1851 746 1987 784 aliquibus
2009 747 2142 786 Negotiis
2159 748 2258 789 Rebus
2279 748 2374 790 Mitte-

221 781 422 813 Succeflo‘rum
452 779 616 810 nostrorum
640 781 673 810 ad
694 780 799 811 Placita
819 790 917 810 coram
938 780 1040 810 Nobis
1059 781 1228 811 Haefedibus
1243 783 1277 813 δε
1316 790 1362 809 rus
1378 781 1421 809 vel
1437 779 1535 811 Cauiis
1555 784 1763 819 emergentibus
1785 785 1855 814 infra
1877 786 1976 815 eadem
2002 786 2086 816 Villas
2108 788 2139 817 &
2164 786 2310 827 Dominia
2328 788 2374 816 ali-

221 820 437 851 Successoribus
458 817 558 848 nostris
578 818 700 849 tenenda
719 818 857 856 assignatis
877 819 910 848 δε
931 817 1113 857 assignandis,
1131 821 1164 850 ὃ(
1178 829 1277 850 coram
1314 827 1400 855 quam
1417 817 1624 857 Cognitionem
1640 821 1684 852 vel
1694 821 1925 859 JurisdiCtionem
1938 825 2052 862 habeat,
2072 835 2125 856 nec
2140 826 2169 854 in
2184 825 2278 861 aliquo
2293 826 2320 853 le
2333 825 2376 854 ine

218 859 381 897 justiciariis
403 855 504 887 nostris
528 856 686 887 Haereduin
709 858 742 888 ὃς
764 856 965 887 Successorum
990 857 1153 888 nostrorum
1168 857 1203 887 de
1218 869 1277 888 uno
1318 856 1353 886 de
1369 857 1556 896 intromittat,
1715 892 1718 896 Δ

223 899 257 928 &
280 897 367 928 altero
388 895 502 934 Banco,
519 904 567 926 aut
588 904 687 925 coram
703 894 858 925 Senescallo
875 896 908 926 &
927 893 1093 925 Marescallo
1113 905 1145 926 ac
1161 895 1278 927 Clerico
1355 894 1391 925 Et
1406 896 1485 933 quod
1503 897 1572 926 idem
1592 905 1668 927 nunc
1687 896 1902 966 ΛνιΙοὶφὶῘῖἵξιις
1922 901 1954 931 &
1974 900 2153 932 Successores
2173 901 2212 932 sui
2235 901 2377 937 imperpe¹³

223 935 348 967 Mercati
364 931 490 969 Hospitii
504 933 592 963 nostri
607 933 766 964 Haeredum
785 933 817 963 &
831 932 1032 963 Succefforurn
1048 933 1226 973 nostrorum,
1245 938 1278 966 ὃς
1320 940 1400 962 tuum
1417 934 1534 965 habeant
1548 936 1646 965 omnia
1662 936 1694 966 &
1717 936 1754 965 fin
1777 937 1818 966 ula
1868 938 1941 974 ines,
1959 937 2073 976 Exitus,
2093 941 2124 971 &
2150 940 2379 970 Amerciamenta

222 972 491 1010 coramJusticiariis
506 972 604 1002 nostris
620 972 778 1002 Haeredum
793 970 1033 1003 &Successorum
1049 973 1212 1003 nostrorum
1230 973 1280 1004 Iti·
1321 980 1418 1014 coram
1435 973 1554 1010 praefatis
1563 973 1728 1012 justiciariis
1777 976 1833 1004 acis
1853 975 1934 1012 iplius
1952 988 2022 1006 nnnc
2040 978 2234 1017 Archiepifcopi
2255 979 2288 1009 &
2304 977 2378 1007 Suc-2

221 1012 379 1043 nerantibus
402 1009 436 1039 ad
455 1009 632 1040 Communia
648 1010 752 1041 Placita
765 1010 798 1040 &
814 1010 916 1040 Placita
930 1009 1060 1041 Coronae
1073 1012 1106 1042 &
1122 1011 1156 1041 ad
1172 1011 1279 1042 Placita
1318 1010 1459 1052 cestorum
1471 1011 1588 1042 suorum
1604 1011 1732 1043 facienda
1742 1034 1750 1049 ‚
1769 1012 1925 1052 afficienda,
1944 1014 2104 1053 affinemda,
2129 1018 2322 1047 toris-facienda
2342 1017 2376 1046 &

222 1049 366 1086 Forestae,
383 1058 416 1079 ac
441 1058 539 1079 coram
559 1048 724 1086 justiciariis
736 1047 838 1079 nostris
853 1048 1012 1079 Haeredurn
1027 1051 1059 1080 ὃ(
1074 1048 1278 1080 Succefforum
1320 1047 1518 1088 adjudicanda,
1537 1051 1570 1080 &
1587 1051 1664 1088 quod
1678 1048 1758 1081 liceat
1774 1051 1866 1081 eidem
1881 1064 1952 1082 nunc
1964 1054 2116 1094 Arclmpis?
2119 1065 2163 1093 opo
2181 1057 2212 1087 ὅ(
2229 1055 2379 1085 Successoe

221 1088 385 1119 nostrorum
410 1086 444 1116 ad
461 1087 605 1125 Felonias,
621 1087 819 1124 Proditiones,
836 1087 1094 1126 Transgreffiones,
1113 1087 1281 1125 Oppi-emon
1321 1087 1396 1130 ribus
1409 1087 1459 1117 suis
1481 1089 1764 1131 omniahujusmodi
1787 1089 1869 1121 Fines
1889 1090 1988 1122 Exitus
2005 1093 2037 1123 ὃ(
2063 1094 2314 1131 Amerciamenta,
2333 1101 2381 1131 per

220 1136 288 1165 nes,
306 1125 457 1163 Exceffus,
475 1124 508 1157 ὃς
528 1126 577 1156 alia
601 1125 774 1156 Gravamina
797 1127 829 1156 ὅ(
852 1125 1023 1164 ΜειΙεῗεᾶα,
1039 1135 1096 1157 tarn
1114 1127 1147 1157 ad
1165 1126 1277 1157 Scistam
1319 1123 1439 1168 Ballivos
1453 1125 1515 1156 suos
1529 1127 1660 1165 colligere
1675 1128 1708 1158 &
1724 1128 1833 1167 levare,
1850 1130 1883 1160 &
1898 1130 1923 1160 se
1941 1132 1969 1160 in
1984 1131 2118 1161 Seisinam
2133 1131 2381 1164 &Possessionem

221 1165 346 1195 nostram
366 1163 527 1195 Haeredum
551 1160 584 1195 &
607 1163 808 1195 Succefforum
829 1163 996 1195 'nostrorum
1011 1188 1021 1203 ,
1071 1168 1135 1195 uam
1158 1165 1279 1195 aliorum
1321 1162 1358 1192 de
1372 1164 1478 1198 elidem,
1490 1173 1614 1204 ponere,
1632 1174 1715 1203 prout
1730 1165 1870 1197 Officiarii
1883 1167 1980 1198 Ballivi
1996 1169 2041 1200 vel
2065 1169 2191 1201 Ministri
2207 1171 2293 1200 nostri
2310 1169 2381 1198 Haza

219 1212 472 1241 quorumcumque
495 1202 538 1233 v'el
553 1203 661 1233 alterius
678 1201 882 1240 cujuscumque
897 1203 1044 1233 Audienda
1088 1214 1092 1216 ’
1107 1203 1281 1234 Terminan-
1321 1201 1423 1232 redum
1438 1203 1482 1233 vel
1494 1204 1696 1235 Succefforum
1709 1204 1873 1236 nostrorum
1888 1209 1919 1237 ea
1934 1208 1962 1237 in
1978 1206 2083 1239 Manus
2097 1210 2205 1240 nostras
2222 1209 2384 1239 Haeredum

218 1243 254 1273 da
268 1242 408 1281 assignatis
423 1242 456 1271 &
470 1241 651 1280 assignandis,
666 1242 699 1272 δε
714 1251 811 1272 coram
824 1241 988 1280 Justiciariis
1004 1242 1106 1275 nostris
1119 1241 1279 1273 Haeoedum
1321 1239 1365 1270 vel
1386 1240 1589 1272 Successorum
1612 1243 1699 1273 seisire
1713 1243 1824 1280 possent
1850 1245 1896 1274 vel
1921 1245 2056 1277 deberent
2066 1269 2075 1284 ,
2092 1248 2125 1278 ad
2147 1248 2231 1287 Opus
2250 1248 2381 1279 nostrum

219 1283 253 1313 δε
278 1280 484 1311 Succefforum
509 1279 668 1310 nostrorum
682 1279 716 1310 ad
735 1279 850 1318 Affisas,
866 1279 990 1317 Juratas⁷
1009 1279 1234 1311 Certifica‘tiones
1246 1282 1279 1312 ὅ(
1321 1277 1479 1309 Haeredum
1494 1281 1540 1311 vel
1553 1280 1756 1312 Succefforum
1770 1280 1934 1313 nostrorum
1944 1307 1953 1322 ,
1970 1284 1990 1315 fi
1999 1284 2119 1325 praefato
2134 1286 2380 1326 Archiepifiopo&

219 1319 410 1358 quascumque
441 1318 507 1348 alias
527 1317 559 1348 In
581 1319 720 1349 uisitiones
742 1319 888 1356 capiendas
912 1318 954 1348 vel
971 1318 1078 1348 Gaolas
1092 1318 1281 1350 deliberandas
1319 1315 1535 1349 successoribus
1549 1319 1600 1354 suis
1614 1319 1747 1363 concessfa
1760 1330 1820 1350 non
1833 1321 1963 1361 fuiffenr,

218 1352 359 1395 affignatis
381 1359 414 1389 ὃς
436 1355 555 1395 affignan
578 1358 615 1396 is,
634 1366 666 1387 ac
681 1365 779 1387 coram
796 1355 972 1388 Custodibus
993 1356 1073 1393 Pacis
1090 1357 1194 1388 nostrae
1208 1357 1280 1388 Hae-
1358 1353 1396 1386 Et
1410 1357 1486 1394 quod
1500 1367 1554 1388 nec
1570 1357 1768 1388 Thesaurarius
1781 1368 1834 1389 nec
1847 1355 1968 1391 Barones
1982 1361 2018 1392 de
2032 1362 2181 1394 Seaccario
2195 1365 2293 1396 nostro
2308 1364 2381 1395 Hae-

217 1397 319 1427 redum
343 1398 375 1428 &
397 1391 602 1426 Successorum
624 1394 803 1434 nostrorum,
821 1396 854 1425 δὲ
879 1400 977 1426 coram
999 1394 1162 1433 Justiciariis
1177 1397 1280 1427 nostris
1320 1392 1421 1424 redum
1435 1395 1478 1425 vel
1494 1395 1696 1439 Succefforum
1714 1395 1898 1436 nostrorum,
1918 1410 1972 1429 nec
1988 1410 2088 1431 eorum
2111 1402 2196 1440 aliqui
2218 1404 2262 1435 vel
2285 1405 2385 1442 aliquis

196 1440 201 1443 ”
217 1435 378 1466 Haeredum
399 1435 433 1466 &
455 1433 656 1464 successorum
678 1432 843 1463 nostrorum
859 1434 891 1464 ad
907 1434 1014 1465 Statura
1030 1433 1063 1465 &
1079 1434 1280 1465 Ordinationes
1320 1431 1356 1461 de
1370 1441 1476 1476 caetero
1496 1434 1599 1465 faciant
1617 1430 1660 1465 vel
1685 1436 1765 1465 faciat
1789 1436 1911 1474 aliquem
1930 1437 2099 1470 Proceffum
2117 1442 2206 1471 versus
2221 1442 2385 1480 hujusmodi

216 1476 253 1506 de
275 1473 457 1510 ArtificibuS,
476 1472 712 1509 Laboratoribus,
736 1470 943 1510 Servientibus,
964 1471 1130 1510 Vitellariis,
1152 1474 1184 1504 ὃς
1208 1473 1281 1504 For·
1315 1469 1489 1509 Justlciarios
1504 1472 1598 1512 Pacis,
1618 1473 2064 1517 perprjaefatumArchz‘epistopum
2077 1480 2120 1509 vel
2134 1479 2384 1511 Successoressuos

218 1511 359 1549 stallariis,
379 1521 412 1541 ac
433 1511 470 1541 de
495 1509 672 1540 Ponderibus
686 1510 719 1540 &
733 1508 874 1540 Mensuris
888 1509 1078 1541 conservanda
1091 1510 1138 1541 affi
1159 1512 1229 1541 natis
1244 1513 1277 1543 &
1320 1508 1485 1553 affignatos,
1505 1511 1547 1542 vel
1563 1521 1663 1542 eorum
1676 1511 1798 1550 aliquem
1813 1523 1864 1551 pro
1881 1515 2021 1552 aliquibus
2034 1517 2212 1549 ExtraCtibus
2226 1521 2262 1550 de
2281 1519 2384 1551 Seffi0<=

216 1551 263 1581 affi
285 1550 401 1586 nandls,
419 1549 507 1586 quarn
530 1547 629 1577 coram
643 1547 868 1586 quibuscumque
883 1549 939 1579 aliis
949 1548 1113 1588 justiciariis
1160 1548 1281 1580 fficiariis
1322 1549 1405 1578 nibus
1420 1548 1472 1579 suis
1487 1550 1516 1579 in
1534 1550 1716 1581 Scaccarium
1731 1551 1901 1588 praedieium
1915 1553 2078 1593 liberandis,

216 1590 251 1621 δε
265 1558 408 1618 {ministris
421 1586 524 1616 nostris
537 1585 693 1616 Haeredu‘m
710 1587 743 1617 ὃς
760 1586 962 1618 Succefforum
978 1587 1162 1626 nostrorum,
1179 1596 1235 1618 tam
1251 1589 1280 1619 in
1359 1585 1562 1618 Conceffimus
1577 1590 1661 1619 etiam
1680 1589 1764 1619 eidem
1783 1600 1854 1620 nunc
1869 1591 2070 1661 Archiepisxcgfo
2085 1594 2163 1631 quod
2184 1594 2245 1633 Ipse
2263 1596 2297 1627 &
2313 1595 2386 1627 Suc‘e

216 1626 365 1660 Praesentia
388 1624 483 1656 nostra
505 1624 662 1655 Haeredum
683 1624 716 1654 ὅ(
738 1624 940 1655 Succefforum
962 1625 1126 1656 nostrorum
1149 1628 1236 1664 quam
1252 1628 1282 1656 in
1323 1625 1444 1656 cessores
1460 1626 1498 1656 sui
1515 1627 1723 1665 imperpetuum
1736 1627 1857 1659 habeant
1871 1631 1986 1662 liberam
2050 1642 2183 1663 arei-inam
2205 1635 2234 1664 in
2251 1636 2386 1665 omnibus

216 1665 352 1697 Absentia
375 1662 470 1695 nostra
491 1662 650 1693 Haeredum
671 1662 705 1692 &
724 1661 926 1693 Succefforum
941 1663 1107 1693 nostrorum
1119 1688 1128 1703 ‚
1145 1666 1193 1695 ub'i
1208 1665 1217 1693 i
1238 1665 1282 1695 sos
1324 1661 1469 1694 Dominiis
1483 1665 1580 1695 Terris
1591 1665 1661 1702 suis,
1677 1666 1727 1695 nisi
1743 1667 1770 1695 in
1785 1665 1930 1698 Dominiis
1946 1669 2046 1700 nostris
2062 1676 2126 1708 quae
2146 1671 2208 1702 sunt
2222 1673 2294 1704 infra
2318 1673 2386 1704 Me-

216 1703 362 1735 Homines
379 1704 412 1735 &
429 1702 574 1732 Tenentes
589 1699 753 1730 Refidentes
764 1700 809 1731 vel
824 1711 883 1730 non
900 1701 1066 1733 Residentes
1081 1702 1114 1733 δε
1131 1702 1198 1732 alios
1247 1713 1277 1733 e-
1322 1708 1362 1730 tas
1376 1701 1490 1739 alicujus
1505 1702 1629 1739 Forestae
1644 1703 1764 1741 nostrae,
1783 1705 1820 1735 ita
1836 1707 1914 1742 quod
1931 1707 2023 1737 nullus
2044 1709 2130 1738 intret
2150 1709 2254 1740 Terras
2275 1712 2329 1740 illas
2349 1711 2385 1741 ad

216 1742 334 1773 sidentes
343 1764 354 1780 ,
365 1749 412 1771 aut
426 1740 540 1771 Villatas
553 1740 587 1770 &
600 1737 758 1769 Hundreda
793 1739 908 1773 raediEta
923 1740 1005 1770 Fines
1019 1741 1111 1771 facere
1124 1741 1168 1771 vel
1183 1741 1280 1771 fecisse
1323 1736 1492 1776 Fugandum
1511 1741 1539 1770 in
1553 1742 1606 1778 eis,
1625 1741 1681 1770 sine
1698 1741 1829 1772 Licentia
1842 1744 1875 1774 ὅ(
1890 1744 2046 1776 Voluntate
2065 1746 2145 1786 ipsius
2161 1758 2229 1777 nunc
2243 1749 2388 1788 Archiepi-

216 1776 374 1812 Amer‘ciari
391 1778 435 1810 vel
451 1778 630 1808 Amerciatos
645 1776 736 1814 fuisse,
781 1778 852 1808 xitus
867 1778 1029 1813 forisFacere
1045 1779 1088 1810 vel
1105 1779 1282 1819 forisfeciffe,
1320 1774 1388 1816 scopi
1409 1778 1453 1809 vel
1470 1778 1673 1810 Succefforurn
1689 1779 1804 1810 suorum
1815 1802 1824 1818 ,
1846 1782 1895 1812 sub
1913 1782 2099 1815 Forisfaetura
2113 1784 2209 1816 nostra
2221 1789 2319 1816 Decem
2334 1791 2391 1818 Li·-

216 1819 263 1850 seu
282 1819 420 1857 Annum,
438 1815 545 1854 Diem,
564 1814 702 1855 Vastum,
721 1815 891 1854 Strepp'um,
910 1817 1125 1861 Forisfac‘tiiras,
1143 1816 1281 1849 Deodan-
1323 1816 1452 1855 durarum,
1510 1857 1514 1862 ⁵
2002 1853 2004 1855 ,
2058 1862 2061 1865 ¹

216 1858 269 1896 da,
287 1857 407 1888 Murdra
421 1864 467 1886 aut
483 1854 613 1886 Felonias
627 1852 787 1891 hujusmodi
800 1855 952 1892 adjudicari
969 1857 1013 1886 vel
1027 1855 1200 1894 adjudicatos
1215 1858 1280 1888 fuis·
1359 1853 1396 1885 Et
1412 1855 1488 1893 quod
1507 1856 1583 1887 idem
1599 1867 1669 1887 nunc
1689 1857 1906 1898 Archieptfiopus
1927 1860 1961 1891 ὅ(
1985 1859 2165 1892 Successores
2186 1862 2224 1893 sui
2249 1865 2389 1902 imperpe-

215 1896 243 1927 se
257 1897 378 1934 contigit
393 1895 448 1925 sive
462 1894 613 1931 contigerit
628 1893 656 1922 in
671 1893 799 1923 futurum
809 1915 820 1932 ,
857 1904 901 1924 uae
917 1894 1020 1933 Fines,
1039 1896 1282 1933 Amerciamenta,
1324 1900 1407 1923 tuum
1424 1895 1509 1925 libere
1524 1898 1557 1927 &
1574 1896 1679 1934 absque
1694 1897 1898 1935 impedimento
1915 1898 2009 1936 aliquo
2026 1901 2067 1930 uti
2087 1902 2119 1931 ὅ(
2141 1902 2261 1940 gaudere
2277 1903 2388 1940 poffiut

216 1929 462 1971 Redemptiones,
478 1932 593 1968 Exitus,
614 1925 708 1968 Anni,
727 1930 816 1968 Dies,
865 1932 956 1962 astum
991 1932 1162 1970 Strepputn‚
1186 1933 1280 1963 Foris·
1323 1933 1460 1963 omnibus
1476 1935 1508 1964 &
1523 1934 1633 1972 singulis
1647 1934 1818 1974 Privilegiis‚
1837 1936 2040 1975 LibertailbuS,
2060 1939 2283 1971 &Franchesiiis
2297 1944 2323 1971 in
2336 1943 2391 1972 Ρο-Ε

216 1973 352 2009 facturae,
378 1969 552 2007 Deodanda,
570 1968 728 1999 Thesaurus
752 1969 901 2007 inventus,
924 1954 1103 2009 Wreccum,
1121 1971 1228 2011 Wayfe
1249 1973 1282 2003 ὃς
1323 1969 1394 1999 resta
1407 1970 1501 2002 nostra
1516 1972 1551 2002 de
1566 1972 1752 2012 Shirewood,
1768 1974 1870 2012 quibus
1884 1975 1954 2004 idem
1977 1976 2194 2016 Archiepffiopus
2215 1980 2249 2010 &
2271 1979 2387 2011 Praede-

219 2011 333 2049 Straye,
359 2010 392 2040 ad
416 2009 482 2040 Nos
506 2009 539 2038 ὃ(
562 2007 699 2038 Haeredes
719 2006 832 2037 nostros
850 2009 987 2047 pertinere
1011 2009 1123 2047 possent
1142 2010 1176 2040 &
1198 2010 1284 2041 debe·
1324 2008 1446 2039 ceffores
1461 2009 1500 2039 sui
1514 2011 1544 2040 in
1558 2010 1674 2040 Foresta
1689 2011 1730 2041 illa
1747 2013 1836 2043 uti&
1849 2014 1973 2051 gaudere
1988 2015 2211 2055 consueverunt,

219 2058 280 2079 rent
297 2072 306 2086 ,
338 2049 356 2078 si
378 2048 460 2077 eidem
481 2045 683 2085 Archiepifiopo
706 2047 738 2077 ὃ(
762 2045 977 2078 Succefforibus
997 2047 1050 2079 suis
1071 2047 1204 2080 conceffa
1223 2059 1283 2080 non
1363 2046 1401 2077 Et
1414 2047 1495 2091 quod
1509 2048 1585 2078 idem
1603 2060 1672 2079 nunc
1684 2049 1902 2094 Archiepifiopur
1916 2052 2149 2094 &tSucceffores
2161 2054 2198 2085 sui
2220 2054 2340 2088 habeant
2356 2059 2390 2089 &

218 2087 348 2124 fuissem,
520 2115 521 2118 Ἰ
1328 2084 1501 2116 constituant
1515 2085 1710 2118 Coronatores
1730 2087 1793 2118 suos
1807 2098 1937 2126 proprios
1956 2099 1984 2119 in
2000 2092 2137 2123 omnibus
2157 2093 2209 2123 illis
2225 2094 2391 2134 Dominus,

259 2125 297 2156 Et
322 2124 400 2164 quod
423 2125 496 2154 bene
518 2123 601 2154 liceat
620 2123 702 2152 eidem
717 2123 920 2163 Archiepiscopo
935 2125 968 2156 &
986 2124 1202 2157 Succefforibus
1215 2126 1286 2166 suis,
1326 2124 1438 2162 TerriS,
1453 2125 1641 2169 Tener-nentis
1661 2127 1694 2157 ὃς
1716 2126 1819 2169 Feodis
1832 2127 1900 2166 suis,
1921 2128 1970 2159 ubi
1991 2129 2040 2159 sibi
2061 2132 2148 2168 majus
2166 2132 2277 2162 neceffe
2291 2133 2389 2164 Coro-

223 2166 320 2195 omnia
343 2162 471 2201 praedista
496 2162 577 2192 Fines
593 2185 603 2199 ,
627 2161 856 2200 Redemptione's
874 2164 908 2193 &
931 2162 1031 2195 Exitus
1053 2164 1224 2196 Forisfa&os
1251 2168 1285 2197 &
1327 2171 1438 2194 natores
1453 2163 1625 2194 constituere
1641 2166 1804 2195 Viderint&
1819 2166 1938 2204 habere,
1955 2168 1987 2197 ὅ(
2002 2170 2078 2206 quod
2094 2171 2180 2200 iidem
2197 2170 2392 2203 coronatores

221 2203 441 2240 Forisfaeturas,
461 2199 638 2239 Deodanda,
655 2200 835 2232 Thesaurum
854 2202 1024 2240 inventum,
1043 2202 1203 2235 Wreccum
1218 2203 1286 2234 Ma-
1328 2202 1442 2240 plenam
1461 2201 1633 2233 Potestatem
1648 2203 1767 2234 habeant
1780 2204 2043 2246 &Auctoritatem
2061 2209 2210 2239 exercendi
2224 2209 2255 2240 δε
2270 2211 2391 2242 faciendi

219 2244 271 2279 ris,
288 2241 395 2279 XVayfc
413 2242 445 2272 &
460 2239 570 2278 Straye,
590 2239 623 2269 ὅ(
641 2240 738 2270 omnia
754 2249 818 2277 quae
832 2240 868 2270 ad
884 2239 953 2270 No's
968 2240 1106 2272 Haeredes
1120 2242 1153 2272 &
1168 2243 1285 2273 Succes-
1327 2241 1424 2283 Omnia
1438 2240 1471 2270 &
1489 2241 1597 2284 singula
1611 2251 1675 2278 quae
1692 2243 1724 2271 ad
1739 2241 1881 2285 Officium
1897 2243 2085 2275 Coronatoris
2099 2247 2125 2276 in
2135 2246 2298 2287 Dominiis,
2316 2249 2392 2280 Ter-

221 2281 294 2310 sores
315 2280 425 2309 nostros
446 2277 482 2307 de
503 2278 585 2307 dietis
608 2277 711 2316 Anno,
730 2276 806 2316 Die,
825 2277 931 2315 Vasto,
947 2278 1087 2317 Streppo,
1107 2279 1233 2311 Murdro
1250 2282 1284 2312 δε
1327 2287 1380 2316 11⁵,
1406 2278 1592 2309 Tenemenus
1613 2281 1646 2310 ὃ(
1667 2279 1769 2311 Feodis
1793 2280 1950 2318 hujusmodi
1974 2285 2117 2320 pei-tinent
2136 2291 2330 2326 excercenda,
2354 2289 2388 2319 &

223 2317 338 2349 Felonia
360 2318 495 2355 pertinere
517 2315 640 2354 poffint,
659 2326 707 2354 per
730 2316 802 2353 ipsos
815 2325 862 2348 aut
875 2316 996 2347 Ballivos
1009 2318 1042 2348 ὃς
1058 2317 1206 2350 Ministros
1222 2318 1285 2350 suos
1327 2316 1509 2359 quod—nullus
1523 2316 1687 2361 Corouatoi·
1708 2318 1804 2361 noster
1820 2319 1979 2364 l-laeredum
1998 2323 2042 2352 vel
2065 2323 2264 2355 Succeflorum
2281 2327 2392 2357 nostro-2

222 2357 329 2393 levare,
347 2355 499 2393 colligere,
518 2356 659 2392 percipere
678 2355 712 2385 &
728 2354 848 2394 habere,
866 2356 899 2387 &
911 2356 1010 2393 seipsos
1025 2357 1053 2386 in
1069 2356 1203 2388 Seisinam
1220 2357 1285 2388 inde
1327 2365 1392 2385 rum
1409 2364 1437 2385 in
1453 2355 1613 2399 Dominus,
1633 2356 1752 2400 Terris,
1763 2357 1953 2389 Tenementis
1965 2360 1998 2390 ὃς
2013 2360 2115 2392 Feodis
2127 2363 2176 2393 illis
2190 2364 2234 2394 vel
2245 2365 2274 2395 in
2289 2375 2391 2396 eorum

220 2404 328 2432 ponere
343 2416 351 2431 ‚
383 2390 486 2430 abique
508 2392 669 2431 calumpnia
695 2392 877 2429 impetitione
900 2394 943 2424 vel
964 2394 1175 2432 impedimento
1196 2395 1285 2427 nostri
1328 2394 1424 2432 aliquo
1438 2393 1465 2423 se
1480 2396 1650 2425 intromittat
1663 2404 1765 2434 quows
1780 2397 1888 2435 modo,

220 2432 379 2464 Haeredum
397 2432 430 2463 ὃς
446 2430 650 2461 Successorum
664 2428 844 2469 nostrorum,
865 2431 1097 2470 officiariorum,
1107 2433 1125 2470 J
1128 2434 1285 2465 usticiario-
1342 2468 1352 2474 .
1365 2432 1499 2461 Volemes
1517 2432 1629 2463 ulterius
1643 2433 1676 2463 ὃς
1691 2433 1891 2477 Concedentes
1908 2436 1985 2473 quod
2004 2437 2069 2468 licet
2080 2440 2225 2476 praedielus
2247 2442 2393 2481 Archiepi-

222 2481 285 2503 rum
308 2472 341 2501 &
358 2467 560 2501 Ministrorum
578 2469 743 2499 nostrorum
758 2468 920 2500 Haeredum
937 2471 981 2502 vel
994 2471 1194 2502 Successbrum
1211 2482 1282 2511 prae-
1324 2471 1413 2513 [capus
1425 2472 1464 2514 &¹
1474 2470 1654 2515 Successores
1669 2471 1708 2515 sui
1723 2471 1766 2501 vel
1778 2482 1877 2502 eorum
1892 2475 1987 2513 aliquis
2002 2474 2137 2507 Procellu
2153 2482 2288 2517 temporis
2305 2482 2390 2511 futuri

222 2510 386 2547 dictorum,
402 2510 436 2541 &
448 2508 568 2539 aliorum
581 2507 826 2546 Justiciarioriim,
844 2506 1285 2548 Escaetorurn,Vicecomitum,
1328 2508 1537 2552 LibertatibUS2
1556 2508 1767 2553 Privsseguss'ff
1783 2510 2031 2551 immunitatibus,
2050 2515 2232 2556 Francheliis,
2251 2519 2392 2558 Quietan-
2408 2533 2424 2549 e
2439 2533 2509 2559 κζῃν

222 2549 439 2579 coronatorum
456 2564 466 2586 5
492 2546 639 2584 Mal-mum
653 2568 662 2583 ’
688 2544 880 2585 Banivomm’
907 2546 1210 2587 constabfflafiofflma
1238 2549 1283 2580 seu
1327 2547 1371 2575 “is
1385 2547 1418 2589 53⁵
1436 2546 1543 2576 [stheus
1563 2546 1822 2593 consuemssnffbus
1836 2551 1978 2587 Psaedidstis
1991 2553 2036 2583 vel
2049 2563 2151 2585 eorum
2166 2557 2260 2594 aliquo
2281 2559 2316 2587 uli
2333 2568 2393 2588 non
2409 2553 2470 2605 54*87
2519 2556 2522 2559 Δ

224 2586 426 2618 Ministrorum
452 2584 617 2615 nostrorum
643 2583 802 2615 Haeredum
828 2585 872 2615 vel
897 2585 1100 2618 successorum
1119 2588 1284 2618 nostrorum
1329 2584 1432 2615 fuerint
1449 2585 1492 2615 vel
1508 2586 1784 2630 usus-nonfueritlin
1800 2588 1946 2628 futurum,
1965 2591 2040 2621 idem
2061 2599 2155 2623 tamen
2177 2595 2396 2635 Archiepzscopux
2468 2598 2471 2599 ⁷

223 2633 489 2664 quorumcumque,
514 2624 578 2654 li'cet
610 2622 771 2660 hujusmodi
787 2623 931 2655 Homines
954 2625 987 2655 &
1007 2625 1153 2656 Tenentes
1168 2625 1287 2666 praefati
1329 2624 1362 2654 &
1377 2623 1824 2669 S-uccelsoresiui‘Libertatibus,
1844 2626 2019 2667 Privilegiis,
2038 2629 2288 2672 Immunitatibus,
2309 2635 2330 2665 F
2333 2646 2395 2665 ian-

225 2675 293 2694 ηψπ
317 2661 511 2700 Archiepifiopi
531 2663 563 2692 &
586 2660 791 2691 Succefforum
810 2662 925 2692 suorum
940 2687 950 2703 ‚
976 2661 1142 2694 Residentes
1166 2665 1209 2695 vel
1228 2669 1287 2694 non
1329 2662 1443 2700 chenis,
1464 2662 1633 2706 Quietantiis
1647 2664 1680 2693 &
1701 2663 1809 2694 Liberis
1826 2663 2085 2699 Consuetudinibus
2100 2671 2151 2700 illis
2164 2671 2197 2702 ὅς
2212 2682 2313 2703 eorum
2323 2684 2396 2712 quo-

227 2701 393 2731 Reiidentes
404 2723 413 2738 ,
431 2701 475 2731 seu
496 2699 539 2730 alii
560 2698 726 2729 Refidentes
739 2700 934 2739 quicumque,
953 2701 1024 2732 infra
1038 2712 1071 2732 ac
1086 2702 1163 2742 supra
1180 2703 1287 2733 Domi·
1329 2700 1396 2730 libet
1411 2701 1540 2745 plene&
1555 2710 1662 2745 mtssgfe
1675 2702 2194 2747 gaudeam&Utantffiimpespefflssm
2214 2710 2316 2748 absque
2332 2723 2397 2742 mo·

227 2742 288 2777 nia,
305 2740 423 2775 Terras,
441 2738 619 2769 Tenementa
644 2747 678 2768 ac
701 2737 797 2769 Feoda
818 2739 967 2778 praedicta,
986 2740 1023 2770 de
1037 2740 1137 2771 Nobis
1153 2741 1284 2772 Haeredi-
1330 2739 1477 2769 lestanone
1493 2739 1701 2777 impedimento
1717 2741 1761 2771 vel
1776 2745 1982 2779 inquletatIOne
1996 2745 2086 2775 nostri
2103 2748 2146 2776 vel
2202 2749 2328 2780 aeredum
2344 2760 2395 2780 no-

227 2777 280 2809 bus
302 2778 346 2809 vel
366 2776 577 2807 Success'oribus
599 2775 717 2814 nostris,
736 2776 781 2806 seu
800 2776 836 2806 de
850 2777 940 2815 aliqua
956 2778 1006 2808 alia
1023 2778 1144 2809 Persona
1158 2781 1203 2810 vel
1219 2780 1288 2810 Per-
1331 2777 1473 2822 strorum,
1488 2777 1732 2823 Justiciariorum,
1751 2778 1952 2820 Escaetorum,
1972 2781 2258 2824 Vicecomitum,aut
2275 2789 2395 2818 aliorum

227 2817 300 2847 sonis
320 2815 385 2846 alibi
407 2815 550 2845 tenuerint
573 2814 616 2844 vel
640 2823 740 2844 eorum
753 2815 852 2852 aliquis
865 2817 1000 2854 tenuerit,
1019 2817 1087 2848 licet
1101 2820 1187 2849 etiarn
1200 2819 1288 2850 iidem
1331 2816 1507 2847 Banivorum
1523 2817 1567 2847 seu
1584 2816 1783 2848 Ministrorum
1800 2818 1963 2851 nostrorum
1984 2822 2029 2853 vel
2050 2822 2211 2854 Haeredum
2234 2826 2397 2858 nostrorum

226 2855 371 2885 Homines
386 2854 418 2884 ὅ(
433 2854 578 2883 Tenentes
595 2852 760 2882 Refidentes
775 2854 820 2883 vel
834 2864 892 2883 non
913 2854 1094 2894 Relidentes,
1113 2857 1159 2888 vel
1173 2858 1214 2887 alii
1230 2857 1290 2888 Re-
1334 2864 1601 2894 quorumcumque,

228 2893 344 2924 sidentes
366 2892 509 2931 praedieti,
531 2891 724 2921 vicecomites
743 2890 843 2922 Ballivi
863 2893 908 2923 vel
933 2892 1061 2924 Ministri
1082 2895 1170 2925 nostri
1187 2895 1289 2926 Haete-
1373 2892 1417 2937 Eo
1430 2893 1524 2936 quod,
1542 2904 1595 2938 nec
1613 2894 1644 2924 in
1665 2894 1800 2932 praelente
1824 2895 1910 2927 Carta
1932 2897 2043 2940 nostra,
2062 2909 2117 2930 nec
2136 2901 2164 2931 in
2187 2901 2400 2941 supplicatione

229 2932 300 2963 dum
322 2931 365 2962 vel
381 2929 585 2962 Successorum
599 2929 765 2961 nostrorum
775 2952 784 2967 ,
803 2939 850 2961 aut
866 2931 935 2961 dieii
952 2943 1023 2963 nunc
1036 2928 1233 2972 Archiepistopi
1249 2934 1294 2965 vel
1333 2931 1476 2963 Petitione
1493 2935 1549 2962 live
1563 2932 1648 2971 Billa,
1666 2935 1749 2964 nobis
1763 2934 1822 2976 .Ps⁰
1835 2934 1986 2966 Praemiffis
2003 2947 2050 2968 aut
2064 2939 2202 2978 aliquibus
2214 2951 2315 2971 eorum
2326 2952 2399 2973 con·

232 2970 436 3002 Successorum
468 2968 584 2999 suorum
600 2991 609 3006 ,
634 2976 682 2998 aut
702 2969 818 3006 alicujus
839 2969 948 3000 alterius
970 2970 1102 3001 Personae
1124 2972 1238 3010 existat,
1262 2973 1296 3003 li-
1335 2970 1469 3001 cedendis
1493 2980 1527 3000 ex
1545 2980 1622 3009 parte
1644 2982 1721 3003 nunc
1745 2972 1859 3011 ejusdem
1877 2973 2077 3015 Archiepifiopi
2100 2979 2246 3018 porreeta,
2272 2981 2399 3018 expreffa

237 3017 283 3040 cet
314 3010 401 3038 etiam
430 3007 519 3046 Plegii
548 3006 592 3036 scu
626 3005 848 3045 Manucaptores
888 3008 1031 3040 dictorum
1067 3009 1235 3041 Hominum
1262 3012 1296 3041 δε
1337 3010 1446 3039 mentio
1461 3010 1497 3039 de
1515 3020 1584 3040 vero
1600 3009 1724 3053 Valore‚
1742 3021 1790 3041 aut
1807 3011 1929 3055 devero
1952 3013 2055 3045 Valore
2069 3016 2176 3047 Annuo
2197 3019 2401 3056 praedictorum

233 3046 411 3077 Tenentium
431 3045 627 3075 Relidentium
643 3046 688 3076 vel
705 3055 764 3074 non
784 3044 998 3085 Relidentium,
1017 3048 1060 3077 vel
1075 3049 1196 3080 aliorum
1213 3048 1293 3079 Resi-
1339 3047 1535 3085 Libertatum,
1556 3049 2026 3090 Francheliarum,privilegiorum
2038 3076 2047 3091 ,
2061 3054 2402 3095 Quietantiarum,Con=

236 3086 365 3116 dentium
386 3084 588 3123 praedietorum
600 3106 609 3119 ,
624 3084 668 3114 vel
689 3082 805 3122 alicujus
818 3094 934 3123 eorum,
953 3086 990 3115 de
1007 3085 1108 3116 Nebis
1122 3089 1166 3118 vel
1179 3087 1297 3118 Succes-
1337 3086 1536 3125 suetudinum,
1555 3087 1789 3125 Allocationum,
1807 3087 2026 3121 Immunitatum
2046 3092 2080 3122 &
2104 3092 2349 3133 Conceffionum,
2368 3107 2400 3126 ac

239 3124 345 3157 foribus
367 3121 484 3160 nostris,
503 3123 547 3153 vel
569 3122 662 3160 aliqua
685 3123 738 3153 alia
752 3124 797 3154 seu
811 3123 949 3161 aliquibus
962 3125 1019 3154 aliis
1034 3124 1156 3156 Persona
1170 3126 1214 3156 vel
1230 3126 1297 3157 Per-
1338 3126 1456 3155 aliorum
1474 3124 1676 3156 Proficuorum
1690 3129 1723 3158 δε
1738 3126 2011 3166 Commoditatum,
2027 3131 2119 3161 eidem
2136 3143 2173 3161 nu
2181 3145 2204 3162 :c
2218 3134 2398 3172 Archiepzsco3

240 3161 314 3191 sonis
334 3160 400 3190 alibi
414 3162 552 3191 tenuerint
568 3160 612 3190 vel
625 3170 729 3191 eorum
743 3161 841 3200 aliquis
854 3163 991 3201 tenuerit,
1009 3163 1053 3193 vel
1070 3163 1235 3194 Refidentes
1251 3166 1296 3196 seu
1336 3172 1369 3202 po
1386 3165 1418 3195 ὃ(
1430 3163 1644 3194 Successoribus
1659 3165 1713 3195 suis
1731 3174 1760 3196 ut
1775 3167 1956 3202 praemittitur
1968 3169 2172 3200 concessorum
2187 3182 2219 3202 ac
2235 3176 2403 3210 proveniena

240 3209 300 3230 non
318 3197 496 3236 Residentes³
515 3198 652 3229 Residens
664 3199 709 3229 seu
727 3210 787 3230 non
803 3200 957 3238 Residens,
973 3202 1051 3241 super
1066 3202 1217 3240 Dominia,
1232 3202 1300 3234 Ma-
1341 3203 1430 3239 tium,
1449 3201 1666 3241 Proficuorum,
1686 3203 1840 3242 Exituum,
1858 3204 2130 3239 Emolumentorum
2155 3210 2187 3241 &
2202 3209 2403 3242 Commoditat*

241 3238 317 3267 neria
328 3259 337 3274 ,
355 3235 458 3267 Terras
481 3238 515 3268 δε
538 3236 635 3268 Feoda
654 3237 790 3273 praedieta
813 3249 874 3270 non
893 3239 1009 3271 existant
1025 3240 1069 3270 seu
1085 3250 1184 3271 eorum
1201 3242 1299 3280 aliquis
1343 3249 1406 3271 tum
1422 3241 1591 3271 eorumdem
1603 3264 1613 3278 ,
1630 3251 1662 3272 ac
1678 3242 1714 3272 de
1731 3243 1789 3274 aliis
1803 3242 1900 3274 Douis
1912 3245 1945 3275 &
1964 3244 2207 3279 Conceffionibus
2228 3250 2318 3278 eidem
2334 3261 2403 3279 num·

242 3286 302 3306 non
315 3274 429 3312 existat,
1345 3276 1560 3317 Archiepz‘sc‘opo,
1579 3288 1639 3311 tarn
1654 3289 1704 3318 per
1719 3280 1786 3312 Nos
1802 3291 1887 3318 quam
1904 3292 1952 3320 per
1965 3283 2164 3323 Progenitores
2186 3287 2295 3317 nostros
2314 3288 2404 3325 qualia

130 3333 200 3360 XIV
281 3315 300 3334 ²*
317 3311 519 3343 Conceffimus
539 3312 620 3342 etiam
634 3313 717 3343 eidem
731 3309 932 3354 Archiepifiopo
945 3316 1025 3355 quod
1040 3317 1099 3355 Ipse
1112 3317 1303 3349 &Successo-
1345 3327 1513 3356 tercumque
1532 3319 1688 3357 conceffis,
1705 3319 1778 3350 faeta
1792 3320 1899 3359 existit,
1918 3332 1951 3352 ac
1968 3323 2192 3361 quibuscumque
2207 3325 2330 3363 statutis,
2343 3326 2403 3355 Ore-¹

97 3339 165 3408 ⁵547·
206 3352 212 3360 '
247 3363 289 3383 res
302 3352 341 3382 sui
354 3353 566 3390 imperpetuum
581 3352 679 3390 Quieti
692 3352 745 3382 sint
761 3352 797 3383 de
811 3355 949 3384 omnibus
962 3355 1053 3385 Sectis
1063 3356 1224 3394 Shirarum,
1238 3357 1301 3388 Co-
1343 3356 1550 3394 dinationibus,
1566 3356 1795 3396 Provifionibus,
1811 3357 2051 3390 Restri'erionibus
2063 3371 2108 3392 aut
2126 3362 2246 3392 Actibus
2260 3370 2323 3393 ante
2339 3364 2402 3395 haec

246 3392 415 3427 mitatuum,
433 3388 677 3429 Hundredorum,
695 3390 971 3429 Wapentachiorum
987 3392 1020 3424 &
1036 3393 1244 3433 Tithingorum
1252 3407 1306 3426 no-

247 3430 370 3461 strorum
393 3429 426 3460 ὅτ
440 3427 594 3458 Haeredum
611 3429 792 3467 nostrorum,
810 3440 845 3461 ac
869 3430 904 3461 de
928 3430 1030 3462 Multis
1051 3433 1084 3463 &
1103 3433 1307 3467 Misericordiis

246 3478 295 3509 per
309 3476 401 3499 totum
416 3467 555 3503 Regnum
570 3466 700 3498 nostrum
715 3467 761 3497 An
781 3469 843 3506 liae,
867 3505 869 3508 Α

288 3507 327 3538 Et
341 3505 418 3544 quod
432 3505 508 3535 idem
530 3515 598 3534 nunc
615 3476 829 3545 Archiepiscgopus
850 3508 884 3538 &
904 3506 1084 3540 Succeffores
1101 3509 1139 3540 sui
1163 3511 1306 3550 imperpe—

250 3555 332 3577 tuum
348 3543 514 3575 habeant&
528 3542 702 3574 constituant
724 3545 772 3574 sibi
794 3545 924 3576 Clericos
941 3546 1068 3577 Mercati
1088 3548 1116 3577 in
1140 3547 1306 3590 Dominiis,

249 3584 364 3621 Terris,
383 3581 572 3612 Teneme‘ntis
586 3582 619 3612 &
635 3581 737 3612 Feodis
752 3582 805 3618 suis
815 3584 971 3623 praedietis,
989 3585 1022 3616 ὅ(
1039 3585 1116 3624 quod
1137 3586 1223 3618 iidem
1236 3589 1305 3619 Cle-

250 3624 302 3653 rici
319 3624 351 3654 &
365 3631 467 3652 eorum
480 3619 598 3659 quilibet
610 3619 710 3650 habeat
724 3621 757 3652 &
772 3621 889 3653 habeant
905 3623 1056 3660 plenariam
1071 3623 1244 3656 Potestatem
1259 3637 1307 3658 ex-

252 3660 387 3692 cercendi
401 3660 498 3690 omnia
510 3660 537 3688 in
554 3657 717 3697 Dominiis,
734 3658 851 3697 Terris,
869 3659 1056 3692 Tenementis
1078 3663 1111 3692 &
1133 3662 1236 3695 Feodis
1254 3666 1307 3696 hu—

248 3699 391 3737 jusmodi,
418 3708 482 3736 quae
498 3698 531 3728 ad
547 3695 690 3727 Officium
713 3695 820 3728 Clerici
841 3697 964 3728 Mercati
979 3699 1104 3737 Hospitii
1128 3702 1216 3732 nostri
1236 3703 1310 3735 Haz-

255 3738 353 3767 redum
366 3739 399 3769 ὃ(
414 3736 615 3767 Succefforum
640 3734 806 3766 nostrorum
830 3737 971 3773 pertinent
989 3738 1159 3777 exercenda,
1174 3742 1211 3771 ita
1232 3744 1310 3780 quod

256 3774 383 3806 Clericus
402 3775 523 3806 Mercati
537 3773 657 3811 Hospitii
669 3773 757 3804 nostri
772 3773 929 3804 Haeredum
947 3774 1189 3809 &S'uccefforum
1197 3781 1311 3812 nostro-

259 3822 323 3843 rum
337 3814 362 3843 se
377 3816 405 3844 in
427 3813 588 3851 Dominiis,
606 3811 927 3856 Terris‚‘Tenementis.
941 3811 974 3843 &
995 3813 1096 3844 Feodis
1116 3817 1257 3853 praedictis
1275 3820 1308 3851 ad

258 3850 370 3894 aliquod
384 3852 528 3895 Officium
542 3853 571 3882 in
586 3850 690 3881 eisdem
703 3850 749 3881 vel
773 3860 878 3882 eorum
894 3851 989 3889 aliquo
1010 3850 1172 3886 faciendum
1195 3857 1312 3889 nullate-

258 3899 311 3919 nus
326 3898 491 3921 intromittat

296 3926 333 3956 Et
349 3927 426 3963 quod
440 3913 514 3958 idetr'i
528 3939 598 3958 nunc
620 3925 836 3967 Archieptfiopus
858 3927 891 3958 &
915 3927 1152 3966 Succefforessui
1174 3933 1315 3973 imperpe-

262 3974 343 3995 tuum
360 3965 480 3996 habeant
494 3968 617 4004 proprias
628 3966 755 3998 Prisonas
777 3966 822 3997 seu
844 3964 952 3997 Gaolas
969 3967 1027 3998 suas
1047 3968 1076 3998 in
1090 3968 1172 4000 Villis
1195 3972 1228 4003 ὅ(
1245 3972 1312 4003 Do-

263 4003 358 4070 missos
375 4001 598 4072 degevlgrlyz&
610 4008 731 4046 Rippon,
745 4014 779 4036 ac
797 4002 969 4038 Potestatem
984 4005 1136 4045 affignandi
1149 4018 1199 4047 per
1220 4010 1317 4042 Com—

353 4051 387 4070 m.
454 4063 461 4069 .
505 4063 512 4072 .
563 4065 572 4075 ,

1348 3403 1476 3432 tempora
1491 3396 1519 3425 in
1533 3398 1706 3427 contrarium
1723 3398 1802 3428 factis
1817 3398 1897 3428 editis
1911 3399 1966 3429 five
1981 3399 2098 3436 provisis
2108 3423 2118 3438 ‚
2137 3409 2183 3430 aut
2195 3401 2252 3431 alus
2266 3400 2407 3441 Materne,

1347 3433 1460 3470 Cauiis,
1478 3433 1726 3473 Mesprisionibus,
1744 3436 1984 3473 Ambiguitatibus
2000 3436 2232 3468 Dubitationibus
2246 3440 2292 3470 vel
2304 3439 2403 3472 Rebus

1349 3472 1575 3511 quibuscumque
1589 3474 1618 3503 in
1638 3473 1690 3503 hac
1705 3482 1779 3512 parte
1789 3475 1886 3505 habitis
1904 3475 1948 3504 vel
1963 3475 2096 3506 habendis
2117 3479 2145 3506 in
2160 3477 2253 3515 aliquo
2266 3488 2326 3508 non
2348 3481 2403 3510 ob-

1349 3511 1500 3548 stantibus,
1517 3519 1564 3541 aut
1576 3511 1671 3549 aliquo
1683 3512 1795 3544 Statiito
1810 3512 1866 3542 sive
1879 3512 2071 3544 Ordinatione
2088 3516 2118 3544 in
2138 3517 2311 3547 contrarium
2330 3515 2406 3549 Data

1349 3550 1429 3586 hujus
1445 3549 1540 3579 Cartae
1555 3558 1601 3580 aut
1617 3552 1654 3580 de
1666 3550 1809 3582 Antedata
1824 3551 1904 3581 factis
1919 3552 1947 3581 in
1961 3553 2057 3590 aliquo
2070 3562 2128 3582 non
2141 3553 2334 3594 obstantibus,

1388 3587 1529 3618 Volumus
1545 3589 1631 3618 etiam
1646 3589 1678 3619 ὃ(
1693 3588 1890 3621 Concedimus
1905 3600 1958 3627 pro
1971 3591 2070 3621 Nobis
2086 3590 2259 3624 Haeredibus
2282 3594 2317 3624 &
2336 3595 2408 3625 Suc·

1349 3626 1505 3657 cessoribus
1518 3626 1619 3656 nostris
1632 3627 1708 3664 quod
1721 3628 1789 3657 idem
1803 3638 1873 3658 nunc
1887 3626 2016 3666 Archiepi
2028 3634 2101 3666 copus
2115 3629 2147 3660 &
2165 3630 2342 3662 Succeffores
2358 3633 2408 3672 sui,

1347 3666 1446 3695 omnia
1459 3666 1492 3695 &
1505 3664 1608 3703 singula
1626 3665 1800 3705 Libertates‚
1817 3666 1980 3705 Privilegia,
2012 3669 2209 3708 mmunitates‚
2226 3669 2414 3710 Franchefias,

1351 3703 1597 3740 eonsuetudines,
1614 3703 1824 3743 Allocationes,
1843 3705 1876 3735 ὃ(
1889 3704 2064 3742 Qietantias
2080 3705 2333 3739 Praedecessoribus
2356 3710 2410 3740 suis

1353 3742 1398 3772 vel
1413 3742 1462 3771 fibi
1476 3742 1509 3773 ὃ(
1523 3740 1735 3772 Successoribus
1748 3744 1814 3780 suis,
1832 3751 1890 3773 tam
1905 3752 1954 3780 per
1967 3742 2065 3774 Cartas
2085 3745 2141 3775 sive
2160 3746 2265 3777 Literas
2279 3747 2410 3781 Parentes

1352 3776 1570 3819 Progenitorum
1587 3780 1620 3810 &
1635 3778 1873 3811 Praedecefforum
1883 3780 2046 3812 nostrorum
2062 3784 2208 3820 quondam
2220 3785 2340 3822 Regum
2348 3784 2409 3818 An'-

1353 3819 1420 3856 gliae
1436 3828 1522 3857 quam
1538 3817 1645 3847 nostras
1661 3819 1852 3858 quascumque
1865 3819 2105 3859 qualitercumque
2122 3823 2273 3860 concessa,
2289 3825 2409 3856 habeant

1355 3858 1388 3889 &
1406 3864 1535 3893 teneant,
1553 3865 1587 3886 ac
1602 3856 1706 3886 eisdem
1724 3858 1805 3894 plene
1818 3857 1954 3896 gaudeant
1970 3858 2004 3888 ὃς
2017 3864 2147 3898 utantur,
2161 3861 2243 3899 quta
2258 3862 2411 3894 Tenorem

1354 3896 1424 3927 Vim
1439 3898 1471 3929 &
1488 3894 1634 3926 Effectum
1648 3893 1800 3926 Cartarum
1815 3898 1847 3926 &
1869 3895 2026 3926 Literarum
2043 3897 2166 3936 illarum,
2185 3908 2238 3930 una
2259 3910 2328 3932 cum
2346 3904 2414 3933 ome

1357 3937 1438 3966 nibus
1452 3935 1509 3965 aliis
1522 3934 1554 3964 &
1571 3933 1681 3969 singulis
1698 3932 1885 3964 Libertatibus
1904 3935 1938 3965 &
1959 3934 2068 3966 Liberis
2085 3936 2345 3970 Consuetudinibus
2364 3949 2414 3978 per

1357 3974 1447 4012 ipsum
1465 3983 1533 4002 nunc
1549 3970 1779 4010 Archiepifiopum
1793 3973 1826 4005 &
1839 3971 2060 4005 Praedeceffores
2074 3975 2135 4005 suos
2151 3976 2190 4007 ab·
2199 3977 2318 4017 antiquo
2327 3980 2416 4010 tatioe>

1359 4013 1487 4046 nabiliter
1499 4010 1601 4042 habitis
1614 4009 1647 4040 &
1662 4009 1771 4042 usitatis.
1868 4042 1893 4079 Ε
2353 4048 2383 4084 H
2397 4055 2402 4059 ¹

1903 4057 1920 4080 e
2385 4062 2417 4083 113
