2542 4274
3 263 69 289 121⁰.
87 263 114 286 ts.
150 256 263 293 Angliae
276 257 354 290 Reges
375 255 540 282 confirmata
559 252 592 280 &

20 3011 39 3029 „51
64 3011 138 3038 5⁷³ss
161 2989 286 3029 Judicii,
303 2986 413 3031 &sol-a
428 2985 507 3016 Fasti
522 2984 636 3014 veritate

58 3033 97 3070 j„
142 3028 150 3037 ¹
164 3037 225 3058 tum
250 3027 426 3057 Terminum
448 3029 660 3060 competentem
677 3041 686 3056 ,

152 97 229 149 158

601 210 806 246 Duodecimum,
832 206 870 242 ὠ·
893 208 1038 235 Ηεκνιιπνη
1061 202 1201 243 Odavjcm

611 251 760 284 innovata,
778 255 848 276 cum
867 243 1033 284 quibusdam
1052 246 1202 278 praeterita-

149 305 211 326 rum
229 291 485 330 Depraedationum
502 288 732 325 Abolitionibus,
749 286 850 324 quibus
864 283 997 313 nolumus
1014 289 1063 317 per
1078 276 1204 308 Praesen-

150 343 192 365 tes
209 331 277 361 dero
301 340 358 360 are·
1113 353 1118 358 1

187 341 301 400 Tametsi
317 353 389 399 essm
406 367 505 398 eadem
521 365 628 397 Statuta
647 366 680 396 &
697 361 918 396 Ordinationes,
936 364 1050 401 propter
1068 351 1207 389 utriusque

151 409 250 445 Regni
266 407 451 438 Subditorum
475 404 673 440 Insolentiam,
687 400 895 466 Judicumque,
908 397 1014 440 ⁴quibus
1034 390 1206 435 eorumdem

151 448 326 478 Statutorum
342 444 485 476 Executio
499 441 652 474 commissa
666 440 724 477 est,
742 440 805 481 turn
843 444 961 474 nJuriam
975 442 1050 478 ,tum
1068 427 1208 472 Difficul7

152 494 257 522 tatem,
273 484 318 516 vel
339 484 417 515 nullo
439 482 531 513 modo
551 481 597 511 vel
618 478 717 517 parum
732 477 877 517 diligenter
901 471 1023 514 provide.
1038 468 1208 499 Executioni

153 523 320 554 demandata
332 523 498 559 extiterunt,
515 520 597 559 usque
610 518 683 548 adeo
700 524 730 546 ut
744 517 761 545 ὲ
777 512 924 544 Mentibus
938 509 1123 541 Subditorum
1137 504 1209 536 erasa

152 561 282 601 quasique
300 561 404 592 abolita
420 559 628 595 existimentur,
715 593 719 597 ι
791 590 795 595 .
1067 588 1072 592 .

190 600 223 630 N
236 600 293 631 OS
312 602 422 640 itaque,
440 597 549 635 praefati
570 590 797 626 Cliristianissimi
821 590 984 618 Francorum
1009 588 1084 623 Regis
1105 581 1211 613 Consi-

154 637 241 677 liarii,
266 640 415 675 Oratores,
439 634 652 669 Commiffarii,
678 631 880 661 Procuratores
895 649 905 664 ,
930 627 963 657 &
992 622 1210 666 Ambaffiatores

157 678 293 708 3010111611
307 700 316 715 ,
349 678 398 716 qui
425 673 597 713 jampridem
622 672 694 700 inter
721 668 812 698 dictos
837 662 1037 695 illustrissimos
1064 661 1210 705 Principes

156 716 323 754 Franriftum
340 719 511 745 Francorum·
532 710 570 746 ὠ
598 711 744 738 Henricum
771 703 882 740 Anglrae
908 706 990 739 Reges
1014 709 1049 731 ex
1081 699 1208 742 ipsorum

156 755 301 786 Mandato
316 764 392 785 nova
414 752 495 783 Pacis
516 748 636 780 Foedera
655 747 740 784 (quae
757 743 836 774 Deus
852 744 925 773 bene
941 741 1050 785 vertat)
1068 745 1211 782 contraxi-

158 803 238 832 mus,
258 796 286 824 in
304 794 404 832 quibus
425 789 513 820 multa
532 787 566 817 ad
581 786 641 817 Dei
660 792 689 815 ut
706 783 845 820 speramus
867 781 1052 824 Gloriam‘ac
1068 775 1210 813 utriusque

156 832 255 870 Regni
276 830 514 868 Tranquilitatem
532 823 740 861 conclusimus,
755 820 881 863 volentes
896 828 982 850 etiam
998 827 1031 863 111
1050 815 1106 847 1130
1119 814 1209 859 'Parte

155 871 294 910 utriusque
311 869 410 906 Regni
424 866 611 897 Subditorum
627 862 708 893 Votis
725 857 908 901 Qerelisque
928 856 1013 895 plene
1035 852 1210 897 prospicere,

153 920 188 940 ac
204 909 353 947 oportunis
372 904 521 937 Remediis
537 901 695 938 consulere,
712 908 781 930 cum
804 896 957 927 Illustribus
980 891 1156 924 Reverendis
1176 891 1210 921 &

157 947 306 978 Generosis
323 946 393 976 Viris
408 943 562 980 Dominis,
577 939 677 970 Thoma
700 940 775 968 Duce
796 933 954 973 Norffilciae
980 931 1099 968 Magno
1122 929 1211 960 Sene-

155 986 239 1016 scallo
252 987 285 1016 ὃ(
305 982 469 1015 Marescallo
486 981 615 1018 Angliae,
633 977 733 1021 Thqma
749 973 873 1018 Episcopo
894 968 1065 1015 Dunolmensi
1080 967 1210 1014 Custode

157 1025 262 1055 Privati
288 1024 316 1054 Si
339 1023 376 1052 illi
402 1021 472 1051 dicti
498 1016 686 1049 potentissimi
711 1013 801 1049 Regis
828 1011 959 1048 Angliae,
985 1006 1081 1052 Carolo
1096 1009 1210 1051 ¹Camite

156 1065 304 1099 lViearniae
353 1062 454 1090 omino
469 1058 504 1088 de
520 1057 645 1087 Herbert
665 1054 698 1084 ὃς
713 1052 747 1082 de
762 1050 873 1081 Gower
888 1048 1062 1094 Camerario
1073 1044 1147 1076 111611
1171 1045 1210 1076 11-

153 1093 307 1132 1011111111111
322 1100 412 1136 Regis
428 1097 559 1136 Angliae,
576 1097 610 1127 ὃς
626 1090 737 1136 Νἰςᾳίαο
752 1087 874 1128 Episcopo
890 1085 1010 1132 Eltenfi,
1027 1093 1114 1116 etiam
1129 1082 1212 1114 Con-

154 1140 273 1178 filiariis‚
292 1137 476 1174 Oratoribus,
494 1132 721 1178 CommissarirS,
736 1126 987 1163 Procuratoribus,
1005 1123 1039 1155 &
1052 1122 1210 1153 Ambaffia-

155 1180 262 1209 toribus
279 1176 402 1215 ejusdem
423 1172 611 1204 Potentiffimi
635 1168 751 1206 Angliae
776 1165 866 1205 Regis
882 1165 916 1195 ad
939 1162 1118 1200 Infrascripta
1131 1159 1213 1231 gofltil:

155 1219 261 1247 cienter
279 1217 311 1247 &
331 1214 461 1251 legitime
479 1211 615 1249 deputatis
633 1210 666 1240 &
692 1204 878 1248 auCtorisatis,
897 1202 1113 1248 Convenimus,

156 1255 337 1286 cordavimus
352 1254 386 1285 ὃ(
398 1250 599 1283 Conclusimus
620 1248 650 1277 in
667 1246 744 1276 hunc
764 1253 814 1283 qui
834 1242 957 1281 sequitur
975 1239 1109 1272 modum.

193 1333 239 1364 ΙΝ
251 1342 268 1364 Ρ
279 1342 300 1363 a
311 1341 322 1363 1
333 1339 359 1363 Μ
368 1340 379 1361 1
389 1340 402 1362 s
411 1353 420 1369 ,
439 1339 491 1370 pro
506 1325 709 1359 Abreviatione
722 1322 835 1353 Litium
844 1345 854 1360 ,
871 1317 1133 1363 eoram'Judicibus
1152 1316 1214 1354 qui—

153 1372 334 1408 buscunque,
354 1370 433 1407 super
448 1366 685 1405 Spoliationibus,
704 1360 868 1399 Dampnis,
880 1359 992 1397 Injuriis
1011 1366 1063 1396 pro
1084 1354 1213 1386 Contro-

153 1410 245 1441 verliis
258 1410 291 1440 ὃ(
307 1409 418 1439 Litibus
436 1404 620 1444 pendentibus
643 1402 676 1432 &
700 1398 835 1444 Interesse
857 1397 1020 1442 pendente,
1035 1404 1101 1435 quas
1121 1393 1215 1425 Dam-

153 1447 256 1478 nificati
274 1454 484 1486 conqueruntur
502 1444 581 1481 supra
595 1440 714 1472 modum
730 1450 760 1470 in
783 1441 863 1482 {uum
878 1435 1067 1481 Dispendium
1083 1432 1215 1473 protella-

153 1496 203 1524 tas,
222 1486 404 1523 Desperantee
418 1484 503 1514 etiam
521 1483 612 1512 ullum
631 1487 755 1518 unquam
772 1477 874 1520 Finem
893 1484 1004 1519 imponi
1022 1480 1137 1516 propter
1151 1471 1215 1509 Ap-

154 1525 339 1562 pellationum
366 1524 399 1555 &
425 1522 546 1552 aliorum
571 1518 762 1549 Incidentium
782 1513 1020 1556 multiplieitateS,
1040 1510 1214 1555 Ordinatum

154 1563 330 1595 Conclusum
350 1562 382 1592 ὃ(
395 1559 616 1591 Concordatum
635 1556 675 1587 est
697 1554 777 1594 quod
796 1563 897 1598 ornnes
915 1549 1077 1588 huiusmodi
1095 1547 1214 1588 Causae,

154 1612 253 1633 coram
277 1602 360 1632 dic'iis
381 1599 532 1639 Judicibus
550 1596 703 1635 pendentes
743 1594 780 1624 ab
798 1591 904 1622 eisdem
928 1599 1041 1621 exnunc
1056 1595 1145 1633 'prout
1161 1595 1212 1632 011-

154 1650 223 1672 10110
243 1640 437 1677 advocentur,
454 1638 487 1668 ὃς
507 1645 577 1667 cum
598 1617 778 1664 Processibus
796 1630 831 1660 ad
850 1629 964 1673 Judices
982 1627 1096 1659 inferius
1116 1635 1215 1657 norni-

154 1680 262 1710 nandos
279 1679 311 1709 δε
330 1675 545 1708 constituendos
563 1674 603 1711 (si
623 1673 681 1702 hoc
705 1671 825 1701 Astores
841 1666 1008 1704 maluerint)
1028 1665 1214 1709 devolvantur

156 1719 188 1749 δε
211 1719 400 1748 remittantur:
420 1714 473 1751 Et,
494 1715 531 1743 n‘e
546 1711 698 1742 Inferiores
716 1709 832 1747 Judices
853 1708 879 1737 se
903 1705 1031 1749 difficiles
1049 1703 1166 1748 reddant
1184 1713 1214 1733 in

158 1755 373 1787 transmittendo
398 1752 547 1784 Proceffus
574 1759 671 1780 coram
697 1750 737 1778 eis
767 1747 880 1777 habitos
904 1745 940 1775 ad
965 1744 1059 1788 11ιᾷ05
1082 1742 1215 1782 Judices,

157 1795 333 1825 Ordinatum
353 1792 395 1823 est
414 1791 493 1830 quod
519 1788 626 1828 praefati
651 1787 784 1826 judices,
803 1783 976 1815 Recusantes
998 1782 1071 1826 insta
1097 1781 1214 1813 Decem

157 1833 249 1872 Dies,
261 1844 275 1863 a
295 1841 424 1869 tempore
440 1828 638 1869 Requilitionis
657 1826 706 1856 sibi
726 1834 774 1863 per
793 1823 952 1854 alterutram
965 1821 1095 1864 Paruum
1113 1829 1216 1850 nume-

157 1872 273 1910 randos,
291 1869 453 1908 hujusmodi
469 1865 632 1902 ProcessuS,
647 1864 732 1894 diffls
751 1861 960 1893 Commissariis
977 1858 1217 1903 transmittendos,

157 1911 285 1948 tradere,
309 1920 345 1940 eo
371 1908 430 1945 ipso
456 1906 578 1937 Poenam
607 1904 739 1941 Triginta
768 1900 933 1930 Marcarum
960 1898 1109 1941 Argenti,
1132 1896 1215 1927 Fisco

155 1949 252 1988 Regio
277 1946 526 1986 applicandaruin,
552 1945 717 1978 incurrant,
742 1940 776 1970 &
800 1938 1065 1981 nichilominus-»Qu
1088 1937 1164 1980 forte·
1187 1937 1215 1979 in

158 1983 211 2018 hiis
225 1987 321 2018 Cauiis
340 1986 389 2023 ipsi
402 1985 514 2023 Judices
531 1981 628 2021 postea
648 1979 932 2017 procedant,eorum
948 1973 1136 2020 invalidus&
1156 1984 1218 2018 1111·-

158 2035 202 2057 tus
229 2027 259 2057 iit
287 2023 432 2055 Processus
447 2046 455 2061 ,
478 2023 549 2060 nisi,
582 2018 710 2057 expreffo
736 2015 883 2047 Consensu
908 2014 1058 2052 Partium,
1082 2013 1141 2044 11110
1166 2013 1218 2044 ubi

159 2073 275 2104 ceptum
301 2063 342 2093 est
365 2063 512 2101 judicium
536 2058 682 2090 terminari
706 2056 888 2096 optantium,
912 2053 1058 2085 dictorum
1079 2051 1218 2091 Judicum

156 2103 321 2143 Jurisdiffio
340 2110 491 2139 prorogata
509 2099 600 2129 fuerit.
892 2133 897 2138 ι
1039 2131 1043 2136 ,
1198 2129 1204 2134 1

198 2141 240 2172 Ιτ
251 2150 268 2171 Ε
280 2149 324 2178 M,
345 2150 397 2178 pro
421 2135 641 2177 Componendis
661 2135 694 2166 &
710 2131 913 2164 Terminandis
928 2130 1076 2170 Qerelis,
1095 2130 1156 2161 t‘am
1174 2128 1219 2172 his

157 2191 219 2218 quae
239 2178 300 2217 post
321 2179 451 2209 ultimam
478 2176 676 2207 Abolitionem
693 2181 765 2203 natae
786 2171 924 2200 haetenus
941 2175 1090 2210 remanent
1105 2167 1220 2197 Indeci-

159 2221 210 2258 lie,
231 2221 316 2258 quam
340 2218 380 2247 his
397 2226 460 2254 quae
481 2215 579 2245 futuris
595 2214 628 2244 &
648 2211 784 2251 perpetuis
797 2207 993 2245 Temporibus
1014 2204 1137 2235 nasci&
1153 2213 1219 2251 “¹9-

159 2261 219 2289 veri
242 2258 383 2295 poterint,
407 2254 555 2285 Provisum
579 2249 757 2281 Conclusum
782 2248 814 2278 &
840 2244 1062 2289 Concordatum
1083 2242 1123 2273 est
1139 2242 1221 2282 quod

180 2307 210 2327 er
237 2295 373 2333 utriusque
396 2293 490 2333 Regni
517 2291 660 2331 Principes
681 2287 888 2326 deputabuntur
913 2294 943 2315 111
971 2292 1088 2322 utroque
1110 2280 1221 2319 Regno

155 2307 286 2374 fudices3
304 2334 454 2371 videlicet,
983 2364 987 2368 -
1137 2362 1140 2366 .

196 2373 229 2404 In
247 2375 353 2411 Regno
369 2371 495 2411 Angliae,
513 2371 543 2400 in
558 2368 684 2400 Civitate
697 2362 878 2402 Londonenfi,
899 2359 1084 2396 Admrallus,
1102 2357 1221 2403 Viceqd-

160 2412 281 2443 mirallur
291 2435 300 2450 ,
316 2412 361 2441 seu
382 2420 482 2440 eorum
500 2408 711 2445 Vicesgerentes
733 2406 765 2435 ὃ(
784 2398 919 2439 Magister
934 2402 1096 2428 Scriniorum
1109 2400 1205 2441 Regis,

198 2451 230 2481 In
254 2450 360 2486 Regno
382 2457 476 2478 autem
491 2446 636 2481 Franciae,
651 2444 683 2472 in
703 2440 829 2470 Civitare
850 2438 1045 2478 Rothomagep.
1072 2433 1221 2477 Adnitral-

160 2490 220 2527 Ius,
240 2481 482 2523 VicdadnJirallus,
499 2485 543 2514 seu
565 2491 664 2512 eorum
682 2478 904 2517 Vicesgercntes‚
929 2475 962 2506 ὅ(
983 2482 1090 2511 primus
1111 2471 1221 2502 ibidem

164 2532 307 2557 curiarum
321 2524 510 2565 Registriarum
527 2520 697 2562 Praefidens,
714 2556 719 2562 ,
844 2554 850 2559 ·
875 2554 882 2561 ,
938 2553 942 2557 Ι
1060 2551 1065 2556 ¹

163 2583 166 2586 >
203 2566 249 2596 Ad
266 2575 335 2603 quos
349 2563 484 2600 utriusque
500 2560 592 2597 Regis
609 2556 720 2589 Subditi
734 2553 889 2593 respective
906 2552 992 2583 sciant
1008 2551 1035 2582 se
1058 2559 1087 2579 111
1103 2557 1221 2588 promp-

165 2612 194 2635 tu
215 2604 331 2635 Aditum
359 2603 461 2633 habere
485 2598 572 2637 posse.
774 2631 779 2636 ⁸
818 2631 823 2636 ,
902 2630 907 2635 ,
1051 2626 1056 2632 ·
1082 2627 1090 2635 ,
1183 2625 1189 2631 .

200 2642 215 2673 I
225 2652 274 2673 TE
286 2650 311 2671 M
322 2665 330 2680 ,
346 2641 423 2680 quod
435 2639 548 2677 Judices
572 2636 609 2667 sic
625 2634 800 2672 Depputati,
817 2640 847 2660 in
870 2629 922 2660 suis
941 2626 1097 2665 respective
1116 2625 1221 2664 Locis,

166 2682 302 2721 Qierelas
325 2682 358 2711 ὃς
386 2679 463 2709 Lites
483 2680 680 2716 quascunque,
713 2677 849 2714 praetextu
875 2667 1095 2698 Maritimorum
1119 2664 1222 2694 Incur-

163 2721 243 2751 suum
268 2721 300 2752 ἃ
317 2718 506 2749 Piraticorum
524 2714 751 2753 Latrociniorum
773 2717 832 2746 Jarn
856 2715 933 2737 natas
955 2703 1184 2742 &-pendentes,
1201 2702 1224 2746 .s¹'

166 2761 195 2789 in
220 2759 279 2798 ipsis
299 2758 381 2788 fuerit
403 2754 500 2787 Cauiis
522 2750 706 2787 conclusum,
731 2747 805 2778 infra
824 2744 967 2776 Semestre
988 2751 1115 2786 tempuS,
1133 2739 1222 2771 Parti-

164 2799 216 2828 bus
235 2797 415 2827 instantibus.
439 2792 587 2823 summarie
612 2791 645 2821 &
666 2788 703 2818 de
728 2786 812 2832 plano
828 2807 838 2822 ,
862 2784 918 2827 sirie
943 2781 1056 2819 strepitu
1079 2781 1113 2811 &
1132 2778 1223 2827 figura

161 2836 287 2875 judicii,
305 2833 510 2873 procedentes,
526 2829 601 2860 finali
621 2828 766 2858 Sententia
785 2823 993 2866 determinent,
1008 2818 1117 2862 Causas¹
1132 2827 1221 2865 vero,

166 2884 265 2904 corani
286 2871 495 2910 quibuscunque
514 2868 660 2908 judicibus
683 2862 853 2906 pendentes,
872 2870 901 2890 111
923 2860 1025 2897 quibus
1048 2866 1170 2901 rninirne
1190 2856 1223 2887 sit

168 2913 351 2948 conclusum,
377 2918 508 2947 praeterea
530 2906 708 2945 quascunque
732 2901 795 2932 alias
819 2907 897 2930 natas
919 2898 964 2928 seu
984 2895 1133 2927 nascituras
1155 2904 1222 2925 mo-

167 2959 207 2981 tas
227 2951 272 2980 seu
296 2948 451 2979 movendas
470 2946 621 2976 summarie
644 2944 677 2974 &
696 2940 734 2984 de
758 2940 860 2976 plano,
879 2936 935 2966 sine
951 2935 1112 2977 strepitu&
1135 2932 1221 2972 figura

656 2981 674 2999 *⁵
695 2976 835 3016 inspecta,
854 2974 1053 3012 procedentes,
1072 2971 1144 3002 infra
1163 2982 1223 3002 cer-

713 3026 765 3055 pro
785 3014 940 3045 Causarum
964 3014 996 3045 ὃς
1026 3011 1222 3049 Negotiorum

167 3066 297 3105 qualitate
318 3065 434 3094 brevem
450 3085 460 3099 ,
486 3059 614 3092 Annuale
634 3053 872 3099 Tempus'nullq
897 3051 987 3081 modo
1016 3050 1199 3093 excedentem
1214 3072 1224 3086 ,

168 3106 243 3136 finali
267 3101 414 3134 Sententia
427 3100 558 3131 decident
586 3106 669 3134 atque
689 3093 829 3138 diffinient
853 3100 911 3121 tam
932 3090 1009 3128 super
1025 3089 1166 3126 Dampnis
1189 3087 1222 3119 &

169 3142 391 3182 Spoliationibus
411 3141 497 3177 quam
513 3136 644 3167 Intereffe
660 3134 794 3164 Partium.
1120 3165 1124 3171 ¹
1178 3165 1186 3173 Ν

209 3183 279 3213 Ιτε
291 3190 328 3219 M,
348 3179 427 3217 quod
441 3178 543 3207 horum
557 3174 691 3213 judicum
707 3171 831 3213 Decreta
842 3167 933 3211 jussus
947 3168 980 3210 Sc
998 3165 1153 3211 Sententiae
1165 3172 1223 3194 tarn

171 3220 395 3251 Interlocutoriae
417 3218 502 3254 quam
523 3213 683 3244 diffinitivae
707 3211 897 3239 incontinenti
920 3207 953 3237 &
973 3204 1104 3248 indilate,
1122 3213 1171 3245 per
1193 3213 1223 3233 u-

170 3261 287 3296 triusque
303 3257 473 3293 Regnorum
495 3252 661 3289 Principum
685 3247 841 3288 respective·
856 3243 1020 3274 Officrarros
1045 3251 1128 3272 etiam
1152 3244 1172 3271 11
1192 3251 1226 3285 07

171 3309 219 3335 pus
243 3298 324 3327 fuerit
345 3294 469 3325 Manum
491 3290 649 3321 Militarem
672 3286 842 3317 Executioni
858 3280 1125 3326 ¹detti-atidabuntur²
1142 3289 1225 3323 omni

172 3338 278 3373 penitus
298 3331 500 3372 Appellationis
518 3327 663 3359 Remedio
686 3325 807 3355 subiato:
828 3322 944 3352 Licebit
968 3327 1062 3349 tamen
1087 3317 1224 3355 Partibus,

174 3384 224 3413 per
247 3374 398 3404 Sententias
422 3370 567 3400 diCrorum
578 3366 716 3406 Judicum
731 3362 767 3406 Se
779 3368 902 3401 gravatas
919 3357 1172 3401 praetendentibus,
1188 3356 1223 3387 ad

662 3402 830 3438 Principum
854 3406 900 3429 aut
926 3397 1034 3427 alterius
1056 3395 1224 3426 eorumdem

174 3413 312 3448 Suprema
336 3409 471 3441 Concilia
493 3407 638 3437 diciorum
795 3439 799 3444 ι
826 3438 830 3442 .
1127 3432 1157 3442 Ἀ

662 3441 844 3472 Gravaminis
867 3445 1022 3467 recurrere3
1042 3433 1162 3473 praestita
1183 3442 1224 3463 ta-

177 3460 227 3487 pro
245 3449 460 3478 Reformatione
480 3443 639 3483 hujusmodi
657 3481 662 3485 ¹
688 3481 692 3485 ι
862 3477 865 3480 Ι
966 3474 971 3479 “
1117 3472 1121 3478 η

178 3497 246 3517 nien
272 3496 318 3524 per
341 3496 406 3515 euni
420 3486 562 3516 Cautione
585 3482 634 3520 qui
655 3480 726 3510 illius
740 3478 893 3508 Sententiae
917 3482 985 3513 petit
1001 3472 1222 3510 Executionem,

175 3526 212 3556 de
233 3535 269 3555 eo
294 3524 478 3553 Restituendo
502 3520 578 3560 quod
601 3530 648 3558 per
677 3516 847 3548 Sententiam
877 3513 1001 3557 obtinuit
1033 3521 1061 3540 in
1087 3518 1224 3540 eventum

175 3563 324 3595 conrrariae
341 3561 505 3591 Sententiae:
524 3562 553 3590 in
575 3559 675 3596 quibus
698 3554 812 3593 quidem
827 3551 976 3588 §Conciliis
995 3549 1040 3579 seu
1064 3549 1150 3579 altero
1174 3558 1224 3578 eo-

175 3602 306 3632 rumdem
327 3598 414 3629 dietae
435 3598 532 3628 Causae
556 3598 627 3628 infra
645 3595 699 3626 Sex
722 3592 854 3629 Menses,
873 3589 1055 3634 posteaquam
1077 3586 1225 3630 Processus

177 3642 337 3677 primorum
360 3636 495 3674 judicum
518 3637 623 3666 ibidem
647 3634 751 3665 fuerint
772 3629 927 3662 introducsti
948 3628 981 3658 δε
1004 3634 1127 3664 recepti,
1151 3624 1225 3656 finali

178 3676 322 3708 Sententia
335 3675 561 3705 terminabuntur.
991 3704 995 3709 ,
1105 3703 1109 3708 .

216 3716 258 3746 Ιτ
271 3724 344 3752 EM,
361 3714 427 3753 quia
445 3711 562 3741 difficile
583 3720 628 3742 aut
650 3719 738 3751 prope
760 3705 935 3746 Impossibile
958 3712 1008 3733 erit
1033 3701 1224 3740 Spoliatorum

177 3753 311 3784 Personas
330 3748 569 3789 comprehendere
591 3758 636 3778 aut
659 3747 817 3778 Domicilia
839 3742 1006 3775 eorumdem
1034 3740 1225 3784 cognoscere,

177 3793 237 3821 satis
259 3792 310 3821 erit
332 3790 399 3819 Illos
423 3788 501 3818 citari
522 3786 576 3817 sive
596 3787 747 3824 adjornari,
765 3787 796 3815 in
816 3783 955 3814 Portubus
979 3788 1024 3811 aut
1047 3779 1150 3823 Opidis
1175 3777 1224 3808 suo

180 3830 305 3865 Principi
327 3827 453 3865 subjectis
475 3826 558 3856 Loco
579 3825 626 3854 ubi
649 3824 798 3855 Damnum
820 3822 927 3853 illatum
950 3818 991 3850 est
1021 3817 1199 3863 propionbus
1214 3839 1224 3854 ,

179 3878 228 3906 per
243 3867 266 3897 P
277 3876 298 3896 R
309 3876 329 3895 o
339 3875 383 3896 ei„
394 3875 414 3895 Α
425 3873 481 3895 MA
500 3862 627 3900 generale
648 3862 791 3893 Praeconis
813 3870 886 3891 voce
907 3858 1068 3896 personante
1081 3855 1169 3886 Tuba
1190 3855 1224 3885 &

180 3905 312 3936 affixione
329 3903 488 3941 Querellae,
505 3909 553 3931 aut
567 3900 643 3930 aliter
658 3900 815 3931 secundum
832 3898 959 3928 Modum
975 3897 1007 3928 ὃ(
1018 3894 1223 3936 1101103111ρο-

179 3943 249 3975 blici
270 3941 381 3975 Edico,
406 3943 435 3971 in
463 3947 584 3977 utroque
607 3937 730 3974 Regno,
750 3938 854 3974 Locis,
874 3936 989 3971 Terris,
1007 3934 1040 3964 &
1077 3931 1223 3974 Dominus

178 3982 284 4014 eisdem
302 3979 481 4018 Principibus
508 3976 623 4010 subditis
643 3977 676 4008 &
698 3976 828 4014 subieritis
850 3974 910 4006 11011
930 3973 1001 4005 soliti
1024 3971 1057 4004 &
1078 3969 1222 4007 consueti,

505 68 1899 127 CONVENTIONE8‚L1TERAE,

2 181 70 211 Ann
92 179 131 210 D.
147 182 265 216 fuerint,
283 187 315 208 ac
335 185 382 214 per
396 172 595 205 Illustriffimos
607 172 753 207 Principes
775 168 944 198 Ludovicum
963 164 1127 205 quondam,
1144 161 1201 192 Bo·
1239 166 1302 201 qua:
1324 156 1439 194 quidem
1455 155 1675 194 Praeconisatio,
1693 157 1768 200 gerni

33 220 117 253 1518.
148 229 194 251 na:
218 217 388 252 Memoriae,
413 217 576 242 Francorum

1241 205 1336 226 mlnus

1771 163 1831 186 nata
1856 154 2032 194 competenti
2054 149 2219 188 intervallo,
2237 158 2295 179 11011
2317 145 2447 177 Ann.D.

1354 193 1532 231 Quindecim
1548 194 1689 233 Dierum,
1707 205 1768 225 vim
1784 194 1975 233 peremptorii
1988 193 2118 224 habebit:
2136 189 2296 221 Tenebun-
2339 184 2423 223 1518.

1242 243 1344 271 turque
1363 232 1482 271 judices
1501 234 1535 264 &
1561 233 1707 264 officiales
1731 233 1880 263 Locorum
1908 231 2107 262 Damnificatis
2128 230 2173 260 seu
2196 235 2298 257 eorum
2321 228 2384 252 Hen.
2403 223 2430 249 8.

1244 270 1477 302 Procuratoribus
1498 270 1716 309 postulantibus,
1734 272 1769 301 ad
1790 270 1925 302 Mandata
1935 271 2074 309 Judicum
2087 270 2300 306 deputatorum,

1243 309 1328 340 Illam
1347 309 1440 340 facere
1463 308 1520 339 fieri
1536 308 1660 348 Idonee,
1677 309 1874 348 &judicibus
1889 310 2025 346 deputatis
2037 309 2103 339 dare
2124 307 2208 337 136130
2223 304 2300 346 Pra-

1244 347 1424 379 conisationis
1439 345 1701 387 Certiiicationem,
1718 358 1782 386 quae
1809 349 1861 378 erit
1883 357 1931 384 per
1955 348 2053 377 omnia
2072 347 2145 384 paris
2166 343 2301 374 Austori-

1243 387 1306 416 tatis
1322 385 1448 416 Roboris
1469 386 1501 416 &
1517 385 1648 417 Effedtsis
1670 397 1703 417 ac
1727 387 1747 416 si
1763 385 1842 416 Reus
1863 385 1923 415 Ter
1945 384 2023 422 super
2041 385 2098 415 hoc
2124 382 2300 423 personaliter

1245 423 1353 455 Citatus
1368 423 1472 455 fuisset.

1282 462 1327 500 IgT
1339 471 1414 500 EM,
1432 463 1498 500 quia
1517 471 1589 500 opus
1609 462 1650 493 est
1675 462 1813 500 utriusque
1835 462 1974 500 Principis
1995 460 2119 492 Subditis
2138 461 2214 491 alteri
2236 459 2304 490 Pre-

1246 510 1294 532 ces
1317 503 1351 533 &
1367 501 1493 532 Libellos
1507 500 1729 538 Supplicatorios
1758 501 1914 539 porrigere,
1934 509 1962 530 ut
1985 499 2051 529 inde
2074 500 2201 536 rescripta
2228 499 2305 535 prin-

1247 540 1345 578 cipalia
1369 540 1517 570 obtineant
1554 539 1703 570 Provisum
1725 539 1767 570 est
1818 549 1849 569 ro
1864 538 2051 569 Comoditate
2072 537 2260 568 Subditorum
2276 537 2304 566 in

1247 578 1387 616 utriusque
1403 579 1494 616 Regis
1510 561 1646 608 Concilio
1669 586 1762 608 certos
1808 577 1966 608 'onsiliarios
1986 576 2088 607 debere
2109 575 2253 614 deputari,
2269 575 2304 605 ad

1248 626 1319 655 quos
1339 617 1477 656 utriusque
1498 615 1588 654 Regis
1611 616 1723 647 Subditi
1747 616 1834 647 sciant
1856 615 1892 646 Se
1911 617 1939 646 in
1980 623 2094 652 romptu
2115 614 2232 644 Aditum
2255 613 2306 643 ha-

1247 656 1313 686 bere
1335 655 1432 695 posse,
1456 656 1489 687 &
1510 665 1526 685 a
1567 655 1647 686 uibus
1671 654 1874 686 Sollicitatores
1897 654 1933 684 de
1956 625 2141 692 genepiacito
2165 652 2308 689 Principis

1248 693 1363 733 possunt
1374 695 1505 725 certiores
1519 704 1549 724 re
1569 693 1607 724 di.

1284 731 1398 768 ITEM
1410 755 1420 771 ,
1439 741 1470 763 ut
1489 732 1678 770 imposterum
1702 733 1872 763 Latrociniis
1895 729 2016 770 piraticis
2036 731 2184 767 obvietur,
2197 739 2232 760 ac
2253 728 2307 758 fin-

1248 781 1312 803 cera
1328 771 1387 802 Pax
1407 771 1488 801 firma
1506 769 1702 810 Inviolataque
1719 772 1855 803 Amicitia
1875 772 1948 801 inter
1968 769 2083 801 eosdem
2097 768 2244 806 Principes
2256 776 2308 797 eo-

1250 819 1369 848 rumque
1391 809 1526 841 Subditos
1541 811 1646 849 jugiter
1666 811 1820 848 perseveret
1854 808 1982 840 Cautum
2002 810 2035 840 ὃ(
2056 807 2244 844 prospectum
2267 805 2309 836 est

1250 850 1332 886 quod
1352 847 1582 887 quandocunque
1600 849 1687 886 aliqua
1710 848 1804 879 Navis
1823 833 1958 887 indigena
1976 849 2086 878 exitura
2101 847 2143 877 est
2161 846 2196 877 ab
2212 845 2310 882 aliquo

1250 887 1340 918 Portu
1355 887 1532 924 Regnorum
1549 886 1675 918 Franci-ae
1693 886 1749 917 11νο
1764 886 1894 924 Angliae,
1912 886 2071 917 Terrarum
2094 885 2245 915 Locorum
2263 890 2311 914 aut

1252 925 1464 957 Dominiorum
1482 925 1604 964 ejusdem
1625 924 1831 964 Subditorum,
1857 924 2050 962 Admirallus,
2068 926 2093 952 V
2096 919 2311 959 iceadmirallus,

1252 965 1299 995 seu
1319 974 1423 995 eorum
1446 963 1656 1003 Vicesgerentes
1674 963 1734 994 talis
1756 963 1859 995 Portus
1875 962 1987 1003 Oppidi
2008 961 2092 993 Vilhe
2110 971 2158 993 aut
2179 961 2312 992 Civitatis

1251 1003 1328 1034 unde
1345 1004 1452 1034 exitura
1471 1002 1529 1040 est,
1547 1004 1658 1040 capient
1674 1001 1811 1034 Idoneam
1827 1000 2002 1033 Cautionem
2020 1010 2036 1029 a
2059 999 2198 1030 Dominis
2221 998 2312 1037 Capi-

1253 1043 1359 1080 taneis,
1383 1041 1640 1073 Excercitatoribus
1661 1040 1806 1072 Praefectis
1828 1038 1979 1077 Magisttis
2003 1038 2049 1069 seu
2072 1037 2199 1069 Burfiariis
2218 1036 2313 1067 Navis

1253 1080 1433 1120 hujusmodi,
1450 1080 1484 1111 ad
1501 1079 1637 1111 valorem
1655 1080 1746 1111 Navis
1763 1078 1920 1119 Apparatus
1936 1078 1970 1109 ὃς
1987 1076 2160 1108 νίἇὶ1131111111
2177 1076 2316 1114 ejusdem,

1253 1119 1335 1159 011ὸά
1360 1119 1587 1151 Excercitatores
1613 1117 1749 1156 Magistri
1775 1118 1940 1157 Marinarii,
1960 1117 1993 1149 &
2016 1115 2142 1155 Nautae,
2163 1125 2195 1146 ac
2214 1124 2318 1145 omnes

1254 1159 1285 1188 in
1303 1168 1335 1189 ea
1351 1158 1432 1189 Navi
1449 1157 1597 1189 existentes
1614 1158 1765 1189 servabunt
1789 1157 1896 1188 Pacem
1914 1165 1982 1194 erga
1999 1155 2187 1194 quoscunque
2207 1153 2317 1185 Subdi-

1255 1205 1300 1227 tos
1317 1196 1427 1228 alterius
1444 1197 1601 1236 Principis,
1620 1197 1654 1227 &
1673 1197 1780 1227 nullam
1797 1196 1903 1227 eisdem
1925 1195 2059 1232 Iniuriam
2075 1193 2249 1231 Dampnum
2271 1192 2317 1222 seu

1255 1235 1433 1267 violentiam
1451 1236 1481 1266 in
1503 1236 1595 1268 Terra
1617 1234 1695 1266 Mari
1716 1235 1837 1274 Aquisve
1856 1234 1987 1265 dulcibus
2005 1241 2052 1263 aut
2067 1233 2096 1262 in
2118 1231 2204 1262 Portu
2223 1231 2317 1269 aliquo

1256 1272 1361 1305 facient
1386 1274 1508 1304 inferent
1531 1282 1579 1304 aut
1610 1274 1705 1303 inferri
1728 1273 1939 1314 procurabunt,
1956 1271 2095 1302 Praeterea
2112 1271 2319 1307 obligabuntur

1255 1313 1364 1352 praefati
1381 1311 1513 1352 Magistri
1532 1311 1756 1342 Excercitatores
1770 1312 1804 1343 ὃ(
1822 1310 2192 1347 caeteri,Praeeminentiam
2207 1309 2237 1339 in
2254 1308 2321 1338 Na—

1256 1352 1287 1381 vi
1306 1351 1456 1389 habentes,
1477 1349 1558 1391 quod
1578 1360 1637 1380 non
1663 1350 1810 1387 suscipient
1837 1350 1946 1387 aliquos
1969 1347 2111 1379 Veetores
2132 1347 2247 1378 Nautas
2273 1355 2322 1378 aut

1258 1390 1345 1420 Viros
1368 1389 1526 1426 Militares,
1545 1389 1598 1419 nisi
1616 1390 1691 1426 prius
1707 1388 1776 1420 Illos
1795 1388 1938 1419 statuerint
1953 1395 1998 1418 aut
2015 1387 2192 1417 exhibuerint
2220 1395 2322 1416 coram

1257 1427 1416 1459 Admirallo
1431 1426 1651 1465 Vtceadmirallo,
1668 1435 1715 1458 aut
1737 1437 1838 1458 eorum
1853 1426 1940 1457 Vices
1957 1426 2003 1456 seu
2020 1424 2130 1456 Officia
2149 1425 2322 1464 gerentibus,

1258 1467 1321 1506 Qui
1339 1467 1454 1498 illorum
1475 1467 1610 1500 Nomina
1627 1467 1656 1496 in
1674 1466 1793 1505 publico
1814 1464 1952 1503 Registro
1969 1464 2048 1504 super
2066 1473 2114 1495 eos
2133 1463 2320 1495 conficiendo

1256 1506 1340 1538 scribi
1358 1505 1472 1537 facient.

1296 1544 1310 1575 I
1320 1554 1343 1576 T
1355 1554 1374 1576 Ε
1385 1553 1430 1583 Μ,
1447 1553 1599 1584 antequam
1620 1544 1714 1577 Navis
1742 1543 1905 1582 hujusmodi
1926 1542 2047 1575 Portum
2065 1541 2160 1582 egredi
2177 1542 2324 1580 permitta-

1258 1591 1303 1615 tur
1319 1607 1329 1622 ,
1353 1593 1452 1616 omnes
1477 1584 1517 1615 ibi
1541 1593 1673 1616 exeuntes
1696 1584 1730 1615 &
1756 1584 1805 1622 qui
1844 1583 1975 1614 1010611111
1996 1583 2026 1613 111
2044 1593 2075 1613 03
2094 1581 2172 1620 sunt,
2188 1581 2324 1621 jurabunt

1258 1622 1435 1653 sollemniter
1462 1632 1562 1654 coram
1587 1622 1666 1653 dieto
1691 1622 1814 1653 Admira
1827 1622 1875 1660 lo,
1900 1620 2123 1659 Viceadmirallo,
2150 1629 2195 1651 aut
2219 1628 2323 1650 eorum

1259 1660 1525 1700 VicesgerentibuS,
1545 1661 1624 1701 quod
1639 1660 1693 1699 Ipsi
1709 1661 1738 1690 in
1756 1660 1944 1700 Expeditione
1957 1659 2005 1691 Illa
2024 1661 2054 1690 in
2074 1670 2159 1697 quam
2178 1657 2323 1698 11101οἃ0-

1259 1701 1283 1730 ri
1302 1700 1364 1731 sunt
1380 1699 1690 1738 Navigando,Eundo
1700 1699 1894 1739 ,Stando,aut
1904 1698 2067 1730 Redeundo
2083 1698 2195 1728 nullum
2210 1696 2323 1734 Damp-

1259 1749 1332 1770 num
1352 1738 1422 1769 Vim
1448 1738 1580 1777 Injuriam
1598 1738 1703 1770 facient
1721 1738 1843 1768 inferent
1861 1746 1907 1769 aut
1925 1738 2022 1768 inferri
2048 1737 2240 1774 procurabunt
2257 1736 2325 1766 alte-

1260 1779 1316 1809 rius
1333 1777 1419 1817 Regis
1434 1776 1575 1815 Subditis,
1592 1777 1689 1808 Terris
1724 1785 1772 1808 aut
1789 1776 1959 1815 DominiiS,
1975 1786 2024 1815 per
2040 1776 2164 1806 Terram
2183 1775 2238 1806 sive
2256 1774 2324 1804 Ma-

1260 1826 1290 1846 re
1308 1824 1357 1847 aut
1381 1818 1475 1855 Aquas
1493 1816 1605 1854 dulces,
1628 1801 1709 1846 simil’i
1734 1826 1850 1854 quoque
1869 1815 2040 1854 Juramento
2067 1814 2224 1844 ibllenniter
2251 1823 2325 1850 prae-

1260 1854 1358 1885 stando
1372 1856 1542 1895 promittent
1562 1854 1644 1892 qued
1662 1855 1699 1885 de
1710 1854 1832 1891 qualibet
1849 1853 1949 1884 Praeda
1965 1853 2088 1891 Captura
2104 1851 2251 1882 Manubiis
2268 1851 2325 1881 sive

1260 1893 1363 1934 Spoliis
1380 1893 1522 1925 adducent
1535 1893 1620 1924 Duos
1639 1903 1686 1924 aut
1701 1892 1774 1923 Tres
1790 1894 1884 1932 viros,
1904 1895 1933 1923 in
1951 1901 2033 1932 capta
2051 1890 2133 1921 Navi
2150 1891 2325 1927 praecipuum

1260 1932 1378 1963 Locum
1398 1933 1559 1963 obtinentes
1579 1932 1626 1970 (ut
1649 1931 1846 1972 Magistrum,
1870 1929 2126 1968 Submagistrum,
2148 1929 2326 1966 Patronum,

1260 1982 1308 2003 aur
1326 1971 1488 2010 hujusmodi
1511 1971 1716 2008 Conditionis)
1739 1981 1814 2008 quos
1835 1968 2012 2007 Admirallo,
2039 1967 2261 2005 chadmirallo,
2280 1975 2327 1997 aut

1256 2020 1361 2048 ‘eorum
1378 2009 1536 2040 Officiariis
1553 2010 1746 2046 exhibebunt,
1765 2018 1796 2040 ut
1814 2019 1863 2048 per
1881 2008 1998 2039 eosdem
2018 2016 2065 2037 aut
2084 2016 2187 2037 eorum
2207 2006 2327 2036 alterum

1260 2049 1357 2080 debite
1378 2050 1570 2087 examinetur,
1588 2048 1656 2078 ubi?
1675 2048 1754 2086 super
1773 2047 1939 2086 quibus?&
1958 2047 2073 2085 qualiter
2091 2045 2184 2076 Navis
2203 2045 2258 2075 sive
2270 2043 2327 2074 130·

1260 2098 1297 2118 na
1313 2096 1397 2125 capta
1416 2087 1490 2119 fint?
1508 2096 1562 2117 nec
1580 2086 1685 2117 facient
1703 2095 1749 2117 aut
1767 2086 1826 2117 fieri
1851 2086 2016 2123 permittent
2039 2084 2143 2122 aliquas
2164 2083 2328 2114 Pmedarurn

1260 2125 1429 2166 Spoliorum
1444 2125 1596 2156 Mercium
1616 2133 1663 2155 aut
1678 2125 1827 2155 Bonorum
1846 2134 1894 2160 per
1904 2124 1962 2154 Eos
1981 2123 2182 2162 capiendorum
2201 2121 2329 2152 Divisio-

1260 2174 1326 2202 nes,
1343 2164 1530 2201 Partitiones,
1549 2163 1750 2194 Tradditiones
1787 2163 1805 2181 ¹*
1828 2162 2068 2198 permutationes,
2089 2161 2326 2200 Alienationesve,

1261 2202 1422 2241 priusquam
1443 2201 1497 2240 Se,
1515 2201 1602 2232 Viros
1619 2210 1732 2240 captOS,
1753 2186 1831 2233 &ona
1852 2202 1885 2232 δε
1910 2201 2028 2231 Merces
2054 2201 2163 2238 integre
2186 2199 2326 2230 Dominis

1261 2239 1441 2279 Admirallo,
1461 2241 1486 2271 V
1488 2240 1684 2278 iceadmirallo,
1704 2249 1752 2270 aut
1779 2250 1879 2269 eorum
1904 2239 2149 2275 Vicesgerentibus
2174 2237 2326 2274 repraesen-

1262 2281 1398 2317 triverint,
1412 2280 1460 2316 qui
1477 2280 1513 2309 de
1532 2279 1585 2308 illis
1598 2277 1724 2315 Disponi
1743 2278 1762 2307 11
1778 2287 1895 2315 aequum
1911 2278 2049 2314 putabunt
2065 2277 2249 2314 permittent,
2261 2276 2325 2307 alias

1260 2317 1331 2348 nihil
1346 2316 1508 2354 hujusmodi
1522 2315 1693 2355 permissuri.

1299 2355 1346 2385 IT
1358 2363 1432 2391 EM,
1448 2354 1588 2392 Jurabunt
1606 2353 1704 2393 quod,
1724 2353 1876 2393 postquam
1899 2351 2015 2383 Reverfi
2035 2352 2138 2383 fuerint
2162 2352 2218 2384 five
2235 2363 2325 2392 appu-

1260 2393 1343 2424 lerint
1361 2392 1485 2431 aliquem
1503 2393 1625 2423 Portum
1643 2391 1714 2422 dieti
1739 2392 1835 2432 Regni
1853 2391 1929 2422 unde
1947 2392 2081 2430 exierint,
2099 2401 2168 2422 cum
2186 2391 2238 2422 suis
2259 2392 2324 2423 Na-

1261 2432 1345 2462 vibus
1367 2431 1585 2469 Apparitoribus
1603 2432 1637 2462 δε
1660 2430 1781 2469 Spoliis‚
1801 2432 1819 2461 si
1840 2441 1903 2468 quae
1923 2440 2003 2470 capta
2031 2431 2100 2468 sint,
2127 2430 2324 2462 Incontinenti

1261 2470 1294 2501 ὅ(
1313 2470 1430 2501 indilate
1447 2470 1535 2500 iidem
1555 2469 1671 2500 reddent
1699 2471 1832 2500 certiores
1853 2469 2058 2506 Admiralr'um,
2083 2468 2324 2499 Viceadmirallum

1260 2509 1308 2539 seu
1326 2518 1430 2539 eorum
1453 2508 1618 2539 Officiarios
1643 2507 1716 2538 illius
1742 2508 1858 2545 Portus,
1892 2518 1906 2538 a
1925 2518 1982 2545 quo
1999 2508 2099 2544 egreffi
2122 2508 2201 2545 sunt,
2218 2507 2253 2538 de
2274 2518 2323 2539 eo-

1260 2556 1326 2578 rum
1350 2546 1449 2578 Praeda
1470 2546 1573 2585 Spoliis
1592 2545 1742 2576 Mercibus
1760 2548 1793 2578 δε
1818 2547 1902 2577 Bonis
1919 2547 1986 2584 suis-⁷
2005 2556 2127 2584 quorum
2151 2547 2195 2576 vel
2215 2546 2324 2578 alterius

1261 2596 1362 2616 eorum
1386 2584 1606 2616 Officiariorum
1630 2583 1757 2615 Decreto
1780 2586 1812 2616 &c
1842 2584 2029 2615 Pei-missione
2052 2595 2111 2614 non
2128 2587 2326 2622 permittentur

1260 2624 1364 2662 aliquid
1383 2633 1416 2653 ex
1442 2623 1590 2654 Mercibus
1607 2622 1772 2660 transferre,
1790 2632 1968 2663 permutare,
1995 2622 2133 2660 vendere,
2159 2623 2203 2654 vel
2222 2623 2324 2655 aliena-

1261 2673 1308 2701 re,
1326 2662 1359 2693 ad
1388 2672 1451 2701 quae
1474 2662 1617 2702 implenda
1642 2662 1675 2692 δε
1694 2663 1802 2701 integre
1820 2661 2002 2699 persolvenda
2018 2661 2110 2692 dictus
2134 2661 2323 2702 capitaneus,

1261 2700 1417 2739 Magister,
1436 2700 1648 2739 Submagister,
1667 2699 1799 2739 Bursarii,
1825 2701 1920 2738 Socii,
1946 2701 1979 2731 δε
2005 2701 2050 2730 3111
2073 2699 2322 2732 Praeeminentiam

1261 2741 1292 2770 in
1310 2739 1392 2770 Navi
1411 2740 1562 2778 habentes,
1580 2740 1617 2770 Se
1636 2739 1801 2779 obligabunt
1824 2740 1991 2770 satisdabunt
2009 2740 2043 2769 ὃ(
2060 2737 2252 2776 fidejubebunt
2271 2749 2321 2777 per

1263 2779 1395 2816 Corpora
1414 2780 1447 2810 &
1462 2778 1556 2818 Bona,
1574 2788 1644 2809 unus
1663 2788 1717 2816 pro
1736 2778 1795 2808 aliis
1814 2779 1964 2816 omnibus,
1983 2778 2031 2815 qui
2048 2778 2105 2807 una
2122 2777 2275 2814 profecturi
2289 2779 2321 2808 in

1261 2817 1340 2848 Navi
1358 2817 1436 2856 sunt,
1456 2817 1491 2848 de
1508 2818 1607 2857 quibus
1622 2817 1824 2848 Securitatibus
1840 2817 1873 2847 &
1890 2815 2081 2847 Cautionibus
2096 2814 2202 2846 confici
2214 2816 2322 2847 facient

1262 2857 1413 2894 publicum
1431 2855 1674 2894 Instrumentum,
1694 2855 1771 2894 quod
1791 2854 1952 2885 Admirallo
1968 2854 2023 2884 sive
2050 2853 2253 2884 Vtceadmirallo
2272 2863 2320 2886 aut

1261 2905 1361 2925 eorum
1380 2894 1535 2926 Officia-riis
1553 2895 1682 2931 tradent,
1701 2904 1734 2925 ac
1753 2894 1841 2925 simile
1860 2895 1897 2924 ab
1915 2894 1953 2923 eis
1972 2893 2102 2931 capient,
2117 2891 2152 2923 Et
2163 2915 2173 2930 ,
2189 2903 2321 2932 quocun-

1261 2944 1315 2972 que
1332 2933 1415 2963 delati
1432 2933 1551 2972 fuerint,
1569 2932 1636 2964 inde
1655 2933 1731 2963 abire
1748 2933 1834 2962 libere
1852 2932 2058 2970 permittantur.

1299 2972 1344 3002 IT
1355 2981 1373 3002 E
1387 2981 1434 3010 M,
1453 2973 1624 3003 tenebuntur
1641 2972 1711 3002 dieii
1729 2971 1898 3009 Capitanei,
1913 2969 2065 3008 Magistri,
2082 2969 2322 3011 Exeercitatores,

1261 3010 1358 3048 Socii,
1377 3009 1507 3050 Burlarii',
1527 3013 1560 3043 &
1578 3011 1623 3042 alii
1645 3010 1892 3041 praeeminentiam
1920 3010 1948 3038 in
1965 3008 2045 3038 Navi
2071 3008 2204 3040 habentes
2230 3011 2320 3041 trade-

1262 3060 1291 3080 re
1315 3049 1487 3080 Cautionem
1514 3051 1673 3090 ydoneam,
1695 3048 1730 3078 de
1748 3049 1801 3078 hiis
1820 3047 2017 3079 inviolabiliter
2035 3047 2219 3079 observandis
2235 3049 2319 3087 usque

1261 3088 1296 3119 ad
1316 3087 1554 3119 AEstimationem
1573 3089 1650 3119 navis
1675 3086 1834 3124 Apparatus
1853 3088 1886 3118 ὃς
1909 3086 2104 3125 Vidlualium·⁷
2123 3086 2188 3117 alias
2205 3088 2238 3118 &
2266 3088 2320 3118 nisi

1262 3128 1361 3158 omnia
1387 3127 1533 3158 Praemissa
1556 3126 1746 3164 impleantur,
1762 3135 1821 3156 non
1842 3126 2015 3163 permittetur
2039 3124 2083 3155 illa
2108 3124 2204 3156 Navis
2225 3126 2320 3156 abire:

1263 3165 1355 3203 Quod
1378 3166 1397 3196 si
1423 3163 1597 3196 Admirallus
1613 3173 1660 3196 aut
1678 3165 1698 3193 is
1722 3166 1771 3202 qui
1797 3164 1955 3202 praesidebit
1979 3163 2027 3193 illo
2055 3163 2141 3195 Loco
2166 3166 2199 3196 ὅ(
2222 3164 2322 3195 Portui

1263 3204 1428 3242 maritimo,
1446 3204 1521 3235 unde
1537 3204 1626 3243 aliqua
1644 3203 1736 3234 Navis
1752 3202 1855 3242 egressa
1872 3204 1971 3239 fuerit,
1993 3201 2167 3233 Cautionem
2184 3204 2217 3235 &
2235 3203 2321 3242 Jura-

1264 3251 1360 3273 menta
1379 3243 1512 3281 praedieta
1536 3252 1604 3274 cum
1623 3240 1732 3272 effectu
1753 3252 1815 3272 non
1833 3243 1944 3279 exiget,
1963 3242 2021 3271 hoc
2044 3240 2118 3271 Casu
2135 3240 2186 3271 suo
2205 3243 2322 3279 proprio

1263 3280 1398 3311 Nomine
1417 3290 1526 3312 tenetur
1552 3280 1705 3312 Damnum
1723 3281 1820 3319 paffis,
1835 3290 1881 3310 aut
1906 3280 2001 3317 Regi,
2019 3279 2037 3309 fi
2065 3289 2114 3319 per
2141 3279 2217 3310 Eum
2244 3279 2320 3310 Parti

1262 3319 1331 3349 laesae
1350 3319 1518 3351 satisfactum
1536 3319 1584 3359 fit,
1603 3319 1638 3350 de
1661 3320 1797 3350 omnibus
1825 3318 1949 3349 Damnis
1973 3320 2007 3350 δί
2034 3318 2183 3356 intercise,
2209 3328 2257 3356 per
2274 3318 2318 3348 di-

1264 3358 1342 3388 <stam
1361 3358 1479 3390 Navem
1498 3359 1531 3389 &
1549 3367 1602 3389 eos
1620 3358 1670 3396 qui
1689 3359 1720 3386 in
1740 3368 1771 3388 ea
1789 3358 1891 3388 fuerint
1910 3357 1998 3387 illatis.

1299 3395 1411 3434 Insuper
1431 3396 1537 3427 Edicto
1554 3396 1674 3434 publico
1689 3396 1883 3433 interdicetur,
1900 3395 1949 3426 sub
1971 3395 2070 3426 Poenis
2089 3394 2317 3425 Incarcerationis

1263 3433 1430 3477 Corporum
1455 3437 1489 3467 &
1514 3434 1736 3466 Confiscationis
1765 3435 1926 3473 Bonorum,
1944 3433 2153 3465 Mercatoribus
2171 3441 2216 3462 aut
2234 3431 2291 3461 aliis
2303 3454 2314 3469 ,

1262 3475 1450 3512 CUJuicunque
1463 3473 1556 3504 Status
1572 3472 1793 3504 Conditionisve
1812 3473 1945 3511 existant,
1960 3483 1996 3503 ne
2014 3480 2126 3508 emant,
2140 3470 2233 3500 Dono
2248 3469 2316 3500 Per-

1264 3514 1417 3543 mutatione
1435 3521 1482 3544 aut
1500 3512 1555 3543 alio
1575 3513 1674 3550 quovis
1696 3512 1795 3543 Titulo
1820 3512 1865 3543 seu
1890 3511 1999 3543 Colore
2023 3510 2179 3549 accipiant,
2203 3507 2315 3547 celent,

1261 3550 1423 3592 occul-tent,
1442 3559 1571 3590 teneant,
1588 3559 1751 3588 receptent,
1768 3561 1814 3583 aut
1838 3550 1998 3588 hujusmodi
2024 3547 2082 3578 fieri
2100 3555 2251 3584 procurent
2269 3555 2316 3577 aut

1260 3597 1447 3626 permittant,
1471 3588 1585 3620 Merces
1617 3598 1664 3620 aut
1690 3588 1768 3620 Bona
1801 3589 1956 3627 depraedata
1981 3594 2159 3626 quaecunque
2193 3585 2314 3616 abducta

1261 3625 1356 3664 Mari,
1381 3636 1532 3666 antequam
1563 3627 1752 3666 Admirallus,
1773 3624 2010 3662 Viceadmirallus,
2031 3631 2077 3653 aut
2101 3632 2202 3653 eorum
2220 3623 2316 3653 Vices-

1260 3672 1385 3734 ξεῖ-100105
1401 3666 1598 3698 declaraverint
1617 3666 1746 3697 Praedam
1767 3667 1800 3698 ὅ(
1813 3666 1971 3704 Capturam
1983 3661 2049 3700 justi
2067 3663 2100 3693 ὅ(
2119 3661 2239 3699 legitimi
2255 3662 2316 3692 Lu-

1260 3713 1301 3733 cri
1316 3713 1331 3733 e
1357 3713 1380 3733 e.

1298 3740 1426 3784 ITEM,
1447 3742 1556 3779 praefati
1573 3743 1706 3782 JudiceS,
1729 3744 1760 3773 in
1779 3742 1863 3772 dictis
1886 3737 2069 3772 Londonensi
2095 3735 2314 3780 & Rorhoma-

1261 3782 1339 3815 genii
1356 3778 1526 3811 Civitatibus
1544 3781 1580 3812 s1c
1599 3791 1631 3813 ut
1649 3782 1830 3819 praemittitur
1849 3778 2004 3816 respective
2022 3776 2153 3813 deputati,
2169 3785 2313 3807 teneantur

1261 3817 1331 3847 infra
1353 3817 1549 3856 Qadraginta
1566 3819 1655 3858 Dies,
1673 3830 1689 3850 a
1711 3819 1769 3850 Die
1789 3816 1989 3855 Requilitionis
2007 3813 2058 3843 sibi
2075 3813 2158 3844 factae
2176 3824 2224 3851 per
2248 3815 2315 3846 Par-

1262 3864 1320 3886 tem
1337 3855 1547 3888 damnificatam
1565 3857 1781 3896 computandos,
1795 3856 1894 3895 exequi
1907 3852 2074 3891 praedietam
2087 3851 2317 3892 obligationem,

1261 3894 1412 3931 postquam
1430 3894 1466 3924 de
1484 3895 1642 3934 hujusmodi
1655 3896 1752 3941 Spolio
1770 3895 1820 3925 fibi
1839 3892 2010 3926 constiterit,
2030 3898 2130 3933 contra
2149 3890 2316 3924 Dominum

1262 3931 1451 3962 Poffefforem
1468 3932 1642 3970 Magistrum
1663 3934 1904 3964 Excercitatorern
1922 3929 1968 3958 seu
1987 3927 2140 3958 Burfiirium
2164 3929 2253 3960 Navis
2270 3939 2316 3961 aur

1262 3979 1366 4003 eorum
1385 3970 1569 4010 Fidejussores
1587 3974 1635 4012 qui
1653 3972 1705 4003 tale
1728 3971 1880 4003 Damnum
1904 3967 2064 3999 Intulerint:
2086 3968 2162 4005 Aut,
2187 3968 2208 3998 fi
2233 3977 2316 4001 com-

2253 4015 2317 4044 Fert

2367 2159 2386 2180 *¹
2396 2161 2480 2191 XIII}

2384 2202 2449 2235 652.
