2542 4274
701 161 811 223 'ET
896 154 1167 223 ici-ii

1251 148 1678 218 PUisLICA„
2233 184 2308 233 123

9 260 136 306 Anu-D·
158 277 244 307 etiam
266 274 377 306 Annuae
399 267 543 302 Penfionis
563 266 709 299 Portionis
730 268 784 300 sive
811 268 865 298 Lar
888 269 979 299 irionis
1002 264 1217 304 Affignatione2
1253 259 1384 297 Regibus,
1406 261 1430 289 P
1431 254 1571 298 'ln‘iPibil’'
1578 281 1587 297 a
1609 256 1752 300 Dominis,
1774 253 1911 301 Statilis,
1935 264 1973 300 ὠ
1995 252 2236 298 communitatibus
2260 264 2310 296 ha-
2329 256 2462 296 ΛΜΗ),-

0 315 4 319 “
30 305 112 348 ιςιὸ,

14 352 77 379 Hm.
97 350 124 378 8.

38 2352 55 2376 ὗ
65 2358 151 2387 xm.

41 2397 108 2433 562.

160 318 220 346 tam
233 315 274 344 -in
296 309 457 342 Communi
499 309 566 337 uam
587 308 615 336 i‘n
637 307 813 344 particulari,
838 308 867 347 ip
878 307 964 344 osque
986 305 1132 343 Principes
1151 304 1218 330 Om-

162 364 211 384 nes
230 353 263 383 &
284 348 407 386 fingulos
427 346 461 377 ad
508 344 647 383 ujusmodi
662 344 807 375 Portionis
830 345 886 376 sive
903 345 1070 383 Largitionis
1093 344 1130 373 fic
1144 343 1217 371 cofl-

162 388 304 422 stituendae
324 388 358 418 &
374 384 547 422 affignandae
562 383 741 414 Solutionern
761 383 913 414 efficaciter
933 383 1101 423 astringendi
1116 384 1149 413 ὃς
1162 382 1217 411 ob-

160 428 277 468 ligandi,
305 424 420 461 Modis,
444 423 558 452 Formis
597 421 810 460 Temporibus,
826 423 858 452 &
874 423 962 452 Locis
977 423 1005 452 in
1028 433 1058 453 ea
1074 431 1150 460 parte
1167 419 1216 450 ad-

159 465 274 499 visandis
286 462 458 502 praefigendis
473 462 506 492 &
524 472 538 491 a
563 461 696 500 ignandis.

190 504 265 536 Ira
276 511 319 540 M,
339 501 527 535 Conventum
549 501 583 531 &
598 497 815 529 Concordatum
837 498 878 529 est
901 499 980 537 quod
997 508 1098 531 ornnes
1111 502 1144 532 ὅτ
1161 498 1216 529 sin-

156 544 217 582 guli
233 541 342 582 praefati
356 538 575 575 Confoederati,
589 537 659 568 infra
674 536 760 568 Duos
773 536 887 568 Menses
908 538 1012 568 Datam
1030 539 1214 569 Praesentium

156 582 289 621 proximo
309 579 342 610 &
365 577 528 608 immediate
548 576 710 614 sequentes,
729 575 895 614 praesentem
913 576 1085 607 Tractatum
1099 587 1133 608 ac
1147 579 1215 606 om-

157 621 203 651 nia
225 620 258 650 &
279 616 381 657 singula
396 614 526 654 Capitula
547 615 578 644 in
601 614 704 645 eodem
726 623 860 645 contenta
874 638 884 654 ,
899 625 949 652 per
965 614 1107 646 distinctas
1128 616 1161 646 &
1173 613 1216 644 se-

154 666 260 698 peratas
277 657 385 689 Literas
404 655 464 690 suas
480 653 627 691 Parentes,
647 653 746 683 harum
761 653 869 684 Seriem
891 656 926 684 de
941 654 1028 684 verbo
1045 654 1079 683 ad
1095 654 1215 685 verbum

157 698 353 733 continentes,
373 693 466 731 Manu
488 690 534 722 sui
554 690 714 729 subscriptas
734 693 768 723 &
783 692 884 728 sigilio
905 692 954 722 suo
978 691 1015 721 M
1052 702 1091 721 no
1113 691 1215 727 sigilla—

159 745 221 774 tas,
242 733 378 772 suplentes
403 740 504 762 omnes
531 730 566 764 &
588 729 710 768 singulos
731 731 790 761 tarn
807 730 880 769 Juris
910 731 999 768 quam
1041 729 1100 760 'aeti
1123 729 1215 760 Defe-

157 775 238 812 etus,
258 773 277 804 fi
300 773 349 810 qui
371 771 478 801 ratione
503 767 636 799 Mandati
658 768 701 798 vel
722 768 779 799 alio
800 769 900 807 quovis
924 769 1013 798 modo
1035 768 1152 799 fortasse
1171 769 1215 798 in-

157 812 344 849 tervenerint,
368 807 577 845 Ratificabunt,
604 806 832 844 Approbabunt‚
857 808 890 838 &
918 806 1158 849 Confirmabunt,
1181 811 1215 837 ac

157 851 268 884 easdem
285 850 390 881 Literas
401 847 529 877 Patentes
544 843 790 884 Confirmatorias‚
803 845 841 876 sic
861 854 891 876 ut
913 845 1057 882 praefertur
1078 845 1216 882 subierip-

157 898 197 923 tas
218 891 252 921 ὃς
273 886 414 925 sigillatas,
433 884 543 923 singulis
568 882 798 922 Confoederatis,
825 893 961 914 eorumve
986 883 1214 922 Commiffariis‚

157 926 345 963 Oratoribus,
363 932 408 954 aut
423 922 656 953 procuratoribus
675 922 710 952 ad
735 923 792 953 hoc
814 922 986 953 sufficienter
1008 923 1159 960 Deputatis
1181 923 1214 953 &

157 963 359 1000 Austorisatis‚
377 961 450 992 infra
471 956 585 992 didium
607 969 737 1000 tempus,
755 960 863 992 tradent
883 962 916 992 &
939 962 1098 992 liberabunt
1114 963 1158 992 seu
1176 961 1214 992 fic

157 1003 226 1036 tradi
249 1003 282 1033 &
305 1001 416 1031 liberari
440 998 563 1037 facient,
584 999 728 1037 tradetque
749 999 880 1030 liberabit
898 1000 943 1030 seu
971 1000 1009 1031 fic
1031 1000 1101 1031 tradi
1123 1002 1157 1033 δε
1180 1001 1215 1030 li-

156 1042 247 1072 berari
264 1040 350 1071 faciet
371 1048 471 1069 eorum
489 1039 605 1076 quilibet
624 1039 728 1069 realiter
745 1039 780 1069 &
797 1049 866 1070 cum
881 1039 996 1069 effceiu.

195 1079 325 1117 ITEM,
343 1077 532 1108 Conventum
554 1077 587 1107 &
606 1076 829 1108 Concordatum
845 1077 886 1108 est
900 1078 981 1115 quod
999 1088 1099 1108 ornnes
1112 1078 1146 1109 &
1161 1076 1214 1107 sin-'

180 1118 219 1149 uli
232 1115 434 1148 Confoederati
457 1115 606 1153 praedicti,
624 1116 739 1154 quando
763 1125 812 1154 per
826 1116 980 1146 Oratorem
996 1117 1051 1147 sive
1063 1115 1215 1147 Commis-

155 1127 258 1188 {rium
279 1156 395 1194 alicujus
416 1153 574 1185 eorundem
593 1154 782 1185 sufficientem
803 1154 1011 1185 Auetoritatem
1033 1157 1065 1186 ὃς
1088 1154 1214 1186 Potesta-

156 1194 217 1228 'tem
244 1195 395 1226 habentem
417 1192 451 1223 ad
474 1193 533 1224 hoc
554 1192 649 1223 debite
678 1194 800 1231 requiiiti
820 1194 921 1224 fuerint
942 1195 976 1225 &
1006 1203 1107 1224 eorum
1131 1193 1215 1232 quili-

158 1234 207 1268 bet
232 1233 375 1272 requisitus
386 1231 469 1262 fuerit
503 1231 583 1262 raetis
597 1231 783 1262 Sacrosanetis
796 1232 855 1263 Dei
871 1232 1050 1270 Evangeliis,
1064 1233 1215 1270 Jurarnen-

158 1280 220 1308 tum
242 1271 387 1309 corporale
409 1254 578 1307 praestabunt
589 1270 626 1313 ,ὃς
640 1270 782 1313 praestabit
797 1270 847 1301 Ille
868 1271 905 1301 sic
922 1271 1080 1309 requisitus,
1099 1272 1129 1302 in
1144 1281 1216 1309 prae-

157 1310 243 1344 sentia
256 1310 383 1340 Oratoris
401 1309 458 1339 sive
472 1306 669 1338 Commiffarii
692 1308 837 1347 praediffl,
855 1309 935 1347 quod
960 1310 1058 1339 omnia
1071 1310 1104 1341 &
1117 1311 1215 1346 singu-

156 1349 183 1380 la
206 1349 235 1378 in
258 1347 385 1386 praesenti
401 1345 539 1377 Tractatu
560 1346 716 1382 specificata
739 1347 773 1378 &
792 1356 924 1378 contenta
945 1348 1020 1378 bene
1042 1348 1076 1378 &
1098 1347 1216 1379 fideliter

157 1386 348 1421 observabunt
368 1386 402 1416 &
424 1384 616 1422 adimplebunt
638 1395 671 1416 ac
691 1385 851 1416 observabit
874 1387 907 1417 &
926 1386 1094 1424 adimplebit
1114 1397 1215 1418 eorum

156 1425 300 1464 quilibet,
326 1433 442 1455 necnon
467 1434 483 1454 a
504 1422 630 1453 Subditis
653 1424 707 1454 suis
734 1424 766 1454 &
790 1434 892 1455 eorum
916 1425 1062 1463 cujussibet
1083 1435 1217 1464 quatenus

158 1464 221 1503 iplis
240 1471 360 1502 tangunt
382 1470 427 1493 aut
449 1470 560 1500 tangere
584 1470 717 1500 poterunt
737 1462 877 1494 observari
901 1463 935 1494 ὃς
950 1463 1097 1501 adimpleri
1113 1464 1216 1496 facient

159 1504 193 1535 &
211 1501 296 1533 faciet
313 1510 413 1532 eorum
430 1500 547 1538 quilibet
564 1508 634 1531 cum
652 1500 769 1532 effectu.

425 1572 580 1617 Sequuntur
597 1574 712 1610 Tenere&
724 1580 949 1620 Comimffionum,

162 1685 167 1689 ,
192 1658 345 1694 Hemicus,
363 1652 433 1692 ,Dei
454 1655 540 1694 gratia
553 1679 563 1694 ,
583 1659 644 1686 Rex
667 1658 782 1696 Angliae
802 1657 840 1692 &
870 1661 993 1688 Franciae
1024 1659 1063 1695 ὠ·
1089 1663 1222 1690 Dominus

158 1694 479 1737 Hibernia-„universis
503 1694 537 1724 &
562 1695 692 1735 singulis,
710 1698 745 1728 ad
770 1703 895 1737 quorum
922 1697 1049 1728 Notitias
1075 1699 1222 1736 praesentes

158 1731 266 1766 Literae
283 1740 462 1771 pervenerint
470 1755 480 1770 ‚
487 1762 490 1766 ,
497 1732 632 1764 Salutem.

160 1770 446 1842 NRecognoscitnus
475 1770 509 1802 δί
524 1793 534 1809 ,
554 1772 673 1803 Tenore
701 1772 884 1804 Praesentium
899 1796 908 1812 ,
941 1775 1106 1812 profitemur
1138 1776 1220 1815 quod

198 1821 231 1842 os

162 1888 164 1891 ι
195 1835 367 1880 ΕκἈηίῐηο
388 1849 535 1887 cupientes
550 1849 691 1887 Qiietem
717 1851 750 1882 δε
774 1849 1021 1889 Tranquillitatem
1042 1853 1087 1884 Po
1108 1853 1221 1885 ulorum

161 1888 272 1920 nedum
288 1889 367 1920 Fidei
389 1887 492 1918 nostrae
508 1886 742 1919 Commissurum
763 1888 801 1919 set
823 1891 910 1920 etiam
932 1892 1068 1922 universae
1112 1892 1225 1923 hristia-

161 1928 327 1996 nitatiskffc'
339 1925 374 1957 ad
391 1925 618 1970 Reprimendam
631 1925 813 1958 Insolentiam
835 1928 1038 1968 cujuscumque
1059 1932 1089 1961 in
1111 1941 1226 1963 contra-

162 1975 236 1997 rium
302 1972 430 2002 nitentis,

206 2004 313 2042 Operae
338 1999 473 2035 Preciu'm
493 2003 624 2036 duximus
654 2003 724 2034 Nos
747 2015 817 2035 cum
840 2005 1023 2038 Sanc'tiffimo
1046 2009 1076 2038 in
1105 2007 1224 2040 Christo

162 2042 247 2075 Patre
261 2041 397 2081 Domino
417 2044 507 2071 Leone
520 2044 646 2080 Decimo,
662 2042 850 2074 sacrosanctae
866 2044 1012 2076 Romanae
1038 2049 1073 2078 ὃς
1096 2046 1228 2079 Univer-

161 2082 222 2112 salis
244 2080 380 2117 Ecclesiae
401 2082 506 2110 Summo
529 2078 676 2150 Pontigce,
703 2092 737 2113 ac
763 2082 945 2114 Sereniffimis
967 2086 1000 2116 &
1022 2084 1226 2117 Potentissimis

164 2117 345 2157 Principibus
360 2118 487 2155 Regibus
499 2120 592 2149 artiori
637 2120 736 2151 inculo
751 2120 905 2158 Sanguinis
926 2122 1026 2153 Nobis
1049 2126 1228 2164 conjunffls,

166 2168 200 2197 ac
222 2158 329 2187 caeteris
349 2155 471 2199 Statibus
493 2155 733 2189 Universitatibus
755 2160 788 2189 &
808 2160 922 2198 Populis
944 2161 1045 2192 Nobis
1068 2163 1229 2203 Finitimis,

169 2204 201 2227 ut
221 2195 333 2226 tandem
355 2194 422 2225 Reli
442 2204 510 2226 uum
535 2195 612 2226 Vitae
655 2198 731 2234 quod
756 2197 856 2229 Nobis
877 2198 1072 2237 Omnipotens
1099 2203 1229 2239 praestare

168 2234 325 2273 dignabitur
339 2256 350 2272 ,
374 2233 423 2264 illu
467 2233 587 2265 Servitio
610 2219 728 2265 Divinae
750 2235 915 2274 Magestatis
943 2239 1111 2275 impendere
1144 2240 1231 2278 poffi.

171 2279 251 2311 mus,

208 2311 279 2342 Nos
296 2309 404 2350 igitur,
527 2334 530 2337 .
649 2338 652 2340 .
857 2337 859 2339 ,

207 2344 228 2370 ²¹³
250 2349 357 2379 Consifi
373 2350 408 2380 de
429 2344 499 2379 Fide
519 2348 670 2380 Prudentia
687 2350 721 2380 &
742 2348 915 2381 Dexteritate
940 2350 1180 2384 Reverendiffimi
1200 2355 1230 2385 in

169 2387 288 2420 Christo
303 2387 391 2418 Patris
404 2387 530 2418 Domini
540 2387 663 2425 rhama,
682 2387 867 2419 Permissione
878 2389 1002 2428 Divina,
1022 2392 1109 2420 Tituli
1123 2395 1231 2422 Saneiae

171 2425 270 2457 Ciciliae
285 2433 364 2456 trans
377 2423 493 2456 Tiberim
510 2425 692 2464 Sacrofizne‘iae
708 2428 836 2457 Romanae
852 2426 975 2468 Ecclefiae
993 2429 1146 2469 Presbyteri
1161 2434 1231 2460 Car-

173 2464 275 2497 dinalis
295 2463 468 2505 Eboracenfis
491 2464 688 2504 Archiepiscopi
707 2465 822 2502 Angliae
844 2465 976 2497 Primatis
999 2469 1033 2499 ὃς
1054 2470 1080 2498 Α
1102 2468 1232 2499 ostolicae

173 2505 251 2536 Sedis
267 2503 366 2543 Legati
383 2503 554 2534 Cancellarii
568 2502 777 2540 Regninostri
791 2504 921 2543 Angliae,
939 2515 973 2536 ac
989 2506 1055 2537 Cari
1080 2508 1134 2536 imi
1148 2506 1232 2538 Con-

171 2542 320 2581 sanguinei
339 2541 426 2581 nostri
438 2541 544 2578 Thomae
560 2544 645 2571 Ducis
665 2542 822 2581 Norffolciae
839 2543 1000 2575 Marescalli
1023 2544 1231 2581 & Thesaura-

172 2582 206 2614 rii
226 2579 408 2621 dieti-Regni
429 2580 516 2610 nostri
530 2580 660 2619 Angliae,
679 2591 793 2612 necnon
808 2581 971 2613 Reverendi
992 2584 1022 2613 in
1039 2582 1161 2614 Christo
1175 2584 1229 2615 Pa-

172 2623 220 2651 tris
240 2619 346 2651 Thomae
368 2618 555 2658 Dunolmenfis
575 2620 694 2658 Episcopi
719 2619 854 2651 Custodis
876 2621 980 2652 Privati
1002 2622 1095 2659 Sigilli
1119 2623 1229 2662 nostri,

174 2659 405 2690 Consiliatiorum
428 2657 591 2687 nostrorum
606 2680 616 2695 ,
642 2657 732 2688 Motu
754 2661 870 2696 proprio
884 2683 894 2697 ,
916 2661 950 2690 &
974 2670 1008 2690 ex
1036 2669 1111 2692 certa
1134 2662 1230 2693 nostra

173 2697 314 2733 Scientia‚
329 2705 361 2726 ac
380 2696 486 2725 Animo
501 2695 671 2734 deliberato,
689 2696 811 2733 plenarie
835 2697 1026 2738 confidentes,

212 2732 420 2766 Constituimus
435 2733 604 2764 Creavimus
617 2734 650 2765 &
665 2733 884 2775 Ordinavimus,
898 2747 948 2775 ac,
965 2737 1086 2769 Tenore
1103 2737 1231 2771 Praesenss

172 2776 263 2812 tium,
282 2771 504 2811 Censtituimus,
519 2772 673 2810 Creamus,
690 2774 723 2803 &
740 2773 914 2805 Ordinarnus
933 2776 1065 2813 praefatos
1081 2781 1229 2809 Dominum

170 2811 362 2849 caravriam,
385 2814 503 2849 Ducem,
519 2811 552 2841 &
572 2811 741 2850 Episcopum,
759 2813 938 2850 conjunfflm
961 2815 994 2845 &
1017 2815 1149 2856 divisim,
1175 2828 1230 2849 no-

170 2852 242 2883 stros
270 2851 470 2887 Procuratores
486 2870 496 2886 ,
531 2849 673 2887 Αᾶοῑεε,
698 2851 731 2881 &
754 2850 956 2888 Negotiosum
987 2854 1229 2893 infrascriptorum

171 2889 365 2922 Mandatarios
391 2887 522 2926 speciales
537 2910 548 2925 ‚
573 2889 708 2919 omnibus
734 2889 896 2921 melioribus
925 2891 1014 2922 modo
1044 2893 1089 2924 via
1108 2896 1171 2932 jure
1194 2896 1228 2926 &

170 2928 265 2960 forma
286 2929 385 2967 quibus
408 2926 507 2957 melius
527 2927 561 2957 δε
583 2926 702 2970 validius
722 2927 758 2957 de
774 2928 838 2965 jure
861 2929 1005 2967 poffiimus
1027 2932 1057 2962 ὃ(
1080 2932 1229 2973 debemus,

169 2967 320 3005 specialiter
348 2967 381 2998 δε
410 2964 536 3003 expresse
562 2964 636 2996 Vice
659 2967 692 2996 &
722 2965 859 2998 Nomine
886 2968 1006 3008 nostro,
1042 2970 1231 3011 TraCtandi,

168 3004 375 3043 Ttanfigendi,
392 3002 619 3042 Componendi,
638 3002 860 3043 concordandi,
879 3008 912 3037 ὃς
929 3006 1146 3049 Concludendi,

211 3044 295 3074 Cum
313 3042 432 3080 praefato
445 3042 629 3073 Sanfflffimo
644 3043 674 3072 in
690 3042 809 3074 Christo
825 3044 906 3075 Patre
925 3047 959 3077 δε
982 3047 1116 3079 Domino
1137 3052 1229 3080 Leone

172 3086 280 3112 Decimo
301 3079 493 3112 Sacrosanctae
524 3080 665 3112 Romanae
696 3092 730 3112 ac
760 3082 936 3114 Universalis
964 3084 1099 3117 Ecclesiae
1123 3091 1228 3119 Summo

170 3123 253 3151 Ponti
275 3132 301 3150 ce

207 3120 272 3191 chz
281 3143 469 3190 Sa'cratiffimo
491 3156 626 3197 Principe
649 3159 864 3199 Maximiliano‚
890 3160 1002 3193 Divina
1025 3162 1137 3195 favente
1158 3165 1228 3196 Cle-

172 3197 299 3237 mentia,
312 3201 432 3237 Romano
449 3196 526 3227 ΙΜΡ
537 3206 555 3227 E
565 3207 589 3227 R
601 3207 621 3227 A
631 3206 654 3227 τ
664 3208 684 3228 o
694 3207 717 3228 R
728 3207 745 3228 E
763 3200 873 3237 semper
895 3200 1045 3239 Augusto,
1064 3212 1097 3232 ac
1111 3206 1228 3233 Germa-

167 3239 241 3275 m‘ae,
259 3236 428 3272 Hungariae.,
441 3234 611 3272 Dalmatiae,
629 3239 759 3275 Crwciae,
777 3236 837 3272 &c.
857 3237 888 3268 R
898 3248 915 3269 E
927 3248 950 3269 G
961 3249 998 3277 E,
1017 3240 1073 3271 AR
1083 3251 1130 3272 εΗ
1142 3251 1154 3271 1
1167 3251 1227 3273 Du-

168 3284 216 3306 css
243 3272 385 3314 Austriae,
407 3265 520 3303 Ducis.
546 3274 728 3314 Burgundiae,
752 3276 934 3317 Brabantiae‚
956 3277 1018 3313 &a
1045 3278 1225 3312 COMITE

168 3312 299 3383 Pakatino
308 3334 317 3351 ,
332 3310 394 3348 &c-

207 3361 369 3421 Citiioiicis
386 3377 580 3429 Principibus,
1011 3418 1014 3421 .

206 3429 339 3460 Domina
356 3427 493 3466 Johanna
515 3429 548 3459 δε
571 3428 665 3459 Carolo
693 3430 724 3461 R
735 3439 752 3462 E
764 3441 786 3462 G
799 3442 812 3463 1
823 3442 890 3465 Bus
914 3433 1052 3474 castellae,
1075 3438 1200 3474 Legionis
1217 3460 1227 3476 ,

168 3471 319 3511 Gra-narie,
343 3469 512 3504 Aragoniae,
533 3468 698 3507 Navarrae,
720 3470 858 3511 utriusque
893 3473 997 3503 cecilia
1014 3496 1023 3510 ‚
1045 3473 1201 3512 Jerusalem
1213 3498 1224 3513 ,

170 3510 389 3548 majoricarum,
412 3503 558 3543 Valentiae,
579 3508 729 3547 Sardim'ae,
747 3512 878 3549 Corcicae,
895 3510 955 3546 &c.
972 3512 1225 3544 Anciiinucinus

168 3545 310 3584 Austriae,
328 3542 470 3574 Ducissus
487 3544 668 3582 Burgundio,
688 3547 892 3586 Lotharingiae,
915 3550 1100 3588 Brabantiae,
1121 3554 1224 3592 Stiriae,

168 3584 340 3620 Carinthiae,
367 3580 499 3611 Carniolis
514 3603 523 3618 ‚
552 3582 716 3621 Limburgiae
732 3608 742 3622 ‚
764 3588 964 3624 Lucemburgiae
993 3590 1030 3624 &-
1058 3589 1195 3621 Gheldriae
1211 3614 1222 3630 ,

168 3623 199 3657 C
209 3634 229 3654 0
239 3631 266 3653 M
279 3634 287 3650 i
300 3630 324 3652 T
338 3630 350 3650 1
362 3629 429 3651 Bus
449 3618 605 3658 Flandriae‚
627 3622 795 3660 Hasburgen.
815 3625 930 3655 Thirolis
939 3649 948 3665 ‚
972 3627 1128 3668 Arthefiae,
1149 3628 1224 3659 Bu'r-

165 3662 273 3700 gundiae
293 3660 468 3691 PALAT·1
482 3667 551 3688 NIs
566 3658 604 3693 &
628 3660 782 3699 Hananiae,
801 3662 1124 3697 LANTGRAVIIS
1139 3667 1223 3708 Elfiz-

169 3704 234 3739 tiae,
252 3700 308 3730 PR
322 3708 335 3729 1
348 3706 450 3728 NCIP
463 3706 552 3727 usus
569 3701 693 3736 Sueviae,
711 3698 892 3732 MARcHI
906 3712 961 3733 oN
974 3713 1064 3735 inus
1081 3708 1223 3744 Burgouiae

169 3738 208 3774 ό·
224 3741 298 3769 Sacri
312 3739 426 3767 Romani
445 3738 571 3774 Imperii,
593 3736 757 3776 Holundiae,
779 3738 936 3778 Zelandiae,
958 3745 1084 3782 Ferretis‚
1105 3745 1222 3775 chibur-

167 3783 213 3817 gi,
235 3773 382 3815 Namurfi,
402 3772 440 3809 (ἐν
465 3774 629 3812 Zutphaniae
644 3774 761 3808 COM1
774 3784 797 3806 *i*
809 3786 821 3806 1
833 3786 914 3816 BuS,
933 3778 1027 3811 DoM
1038 3791 1050 3812 1
1064 3790 1087 3814 Ν
1100 3792 1112 3812 1
1124 3794 1137 3813 s
1161 3788 1223 3814 Fri.

171 3816 234 3856 βε,
254 3815 446 3845 Marchiarum
461 3835 472 3852 ,
493 3814 647 3852 Slavoniae,
673 3812 886 3854 Portufizaom's,
905 3817 1079 3860 Salinarum,
1106 3823 1223 3854 Mechli-

173 3866 224 3884 nlae

209 3876 338 3923 biecnon
354 3889 412 3921 Do
421 3888 449 3921 M
461 3900 474 3920 1
485 3900 507 3922 N
519 3901 532 3921 1
542 3901 554 3921 s
571 3889 762 3920 Helvetiorum
770 3914 780 3930 ‚
830 3917 832 3922 ,
899 3920 904 3924 t
1106 3923 1111 3928 ,

209 3928 249 3960 Et
265 3928 323 3960 aliis
337 3928 506 3966 quibuscum
528 3939 561 3959 ue
580 3928 762 3968 Principibus,
780 3930 866 3960 Rebus
887 3931 1021 3973 Publicis,
1039 3935 1072 3967 &
1088 3933 1226 3969 Pon-nia:

174 3966 245 3998 tibur
263 3968 309 4004 qui
324 3965 430 3997 diCtum
449 3967 504 3998 Foe
526 3977 556 3998 us
575 3968 678 3998 intrare
696 3968 852 4007 voluerint,

213 4004 268 4036 Vel
285 4002 409 4042 ipsorum
426 4005 612 4043 Oratoribus,
626 4006 871 4046 Procuratoribus,
886 4007 1062 4050 Agentibus,
1072 4014 1117 4044 vel
1135 4014 1224 4047 Mar'i-

175 4042 310 4081 datariis,
326 4039 498 4076 Mandatum
520 4044 660 4078 fiifficiens
685 4045 722 4078 ab
745 4045 850 4079 eisdem
867 4048 1016 4091 Pontfice‚
1039 4054 1224 4095 Imperatore,

195 4163 197 4165 Ι
212 4114 288 4152 Τσηιᾱ
305 4121 357 4152 VL·
374 4121 408 4152 P.
431 4115 459 4161 1⁷2*

1253 297 1384 328 bentibus
1391 321 1401 336 ‚

2349 303 2435 340 1516.

1289 335 1339 366 De
1359 338 1393 367 &
1416 336 1494 374 super
1515 335 1658 375 Unionc,
1685 337 1824 368 Amicitia
1847 340 1969 379 integra,
1985 344 2083 375 mutui
2103 341 2304 383 Intelligentia,
2328 346 2387 370 Hm·
2410 341 2437 376 8,

1249 383 1283 404 nc
1305 373 1491 405 indissolubili
1511 370 1787 413 confoederatione,
1807 377 1841 407 ὃς
1862 372 1936 414 Liga
1956 380 2083 420 speciali,
2098 380 2175 421 super
2192 382 2304 413 Defen-

1250 413 1327 443 sione
1350 414 1451 444 mutua,
1469 413 1515 443 seu
1531 413 1717 451 Offenfione,
1735 414 1754 444 si
1777 424 1848 451 opus
1866 415 1963 454 fuerit,
1981 428 2080 450 contra
2097 414 2304 460 quoscumque,

1249 450 1474 482 Conservatione
1490 451 1616 482 Unionis
1637 454 1670 484 &
1684 452 1843 489 Dignitatis
1857 453 1969 484 Sant‘jtie
1988 455 2087 487 Matris
2100 458 2251 498 Ecclesiae,
2267 460 2302 490 8<

1249 489 1425 520 Commodo
1445 492 1478 522 ὃς
1494 490 1609 521 Decore
1632 490 1765 521 nostrum
1784 491 1933 529 omnium,
1954 502 2004 528 pro
2021 493 2119 525 Nobis
2139 498 2172 527 ὃς
2186 497 2304 528 succes*

1248 528 1353 558 soribus
1375 528 1492 567 nostris,
1510 538 1578 559 cum
1594 528 1845 560 Conventionibus
1868 530 1900 559 ὃς
1920 530 2053 561 Articulis
2075 543 2157 569 prout
2175 545 2304 566 conven-

1249 574 1315 596 tum
1335 567 1420 598 fuerit
1442 568 1475 598 &
1498 567 1602 598 eisdem
1631 567 1800 598 Oratoribus
1822 567 1924 598 nostris
1948 569 2096 605 expediens
2125 572 2157 603 &
2186 583 2206 603 0
2225 583 2304 604 ortu-

1251 606 1510 675 numgiclidxebitur,
1525 606 1559 636 &
1581 606 1639 636 aliis
1653 603 1908 646 Dependentibus,
1927 604 2165 648 EmergentibuS,
2213 621 2305 642 orme<

1252 652 1310 680 xis,
1408 653 1524 682 nnexrs‘,
1711 660 1724 665 v·
1829 660 1832 663 ·
2006 667 2011 670 Α
2297 678 2300 682 A

1286 682 1395 712 Dantes
1418 684 1452 714 &
1476 681 1668 714 concedentes
1692 683 1796 714 eisdem
1813 683 2048 714 Procuratoribus
2071 683 2173 715 nostris
2190 685 2304 723 plenam

1249 721 1283 751 &
1296 721 1428 757 amplam
1444 721 1618 752 P0testat'em
1635 722 1764 752 Gerendi
1785 723 1818 754 &
1833 722 2012 754 Excercendi
2028 722 2136 752 Omnia
2151 723 2184 754 &
2201 725 2305 762 singula

1248 761 1278 789 in
1294 758 1448 790 Praemiffis
1463 760 1612 800 necessaria
1632 762 1666 792 &
1685 769 1843 799 oportuna,
1860 771 1922 799 quae
1943 762 2011 792 veri
2023 760 2154 800 legittimi
2174 762 2207 792 &
2224 763 2307 794 indu-

1251 798 1329 828 bitati
1342 798 1559 836 Procuratores,
1576 799 1695 829 liberam
1720 800 1752 830 &
1776 801 1936 837 generalem
1956 798 2131 831 Potesta'tem
2154 796 2307 839 habentes,

1249 836 1380 875 possent,
1398 837 1431 867 &
1451 846 1514 874 quae
1531 835 1659 868 Nosmet
1681 837 1772 868 facere
1794 837 1939 877 possemus
1961 839 1979 869 fi
2003 840 2031 869 in
2048 837 2201 869 Praemiffis
2215 839 2308 877 perso-

1249 875 1347 905 naliter
1367 874 1519 906 Praesentes
1541 876 1679 915 essemus,
1702 878 1786 906 etiam
1810 877 1829 906 si
1851 877 1914 907 talia
1939 877 2031 908 forent
2052 881 2115 916 quae
2137 876 2310 908 Mandatum

1251 914 1343 951 magis
1361 914 1479 952 speciale
1502 915 1661 953 exigerent,
1680 925 1739 945 non
1761 913 1891 949 obstante
1906 925 2084 956 quacumque
2099 915 2246 954 Clausulfi,
2264 923 2310 946 aut

1251 951 1299 982 Re
1319 952 1370 982 alia
1393 962 1574 991 quacumque
1596 953 1743 992 requssirfi,
1761 963 1824 992 quae
1849 953 1918 984 Nos
1938 955 1986 985 hic
2007 958 2059 993 ‘pro
2079 954 2184 985 insertis
2205 955 2240 986 &
2262 962 2311 984 ex-

1248 990 1342 1029 pieffis
1360 991 1462 1022 habere
1479 992 1630 1031 volumus,
1715 1023 1719 1026 ,
1844 1021 1845 1024 ,

1286 1029 1419 1060 Necnon
1433 1029 1548 1069 Jurandi
1567 1032 1595 1060 in
1614 1031 1756 1061 Animam
1774 1029 1919 1070 nostram3
2029 1044 2031 1046 ·
2115 1046 2120 1059 s

1286 1068 1489 1100 Promittentes
1510 1069 1609 1100 omnia
1632 1070 1666 1099 &
1687 1069 1809 1109 singula,
1828 1072 1962 1110 quaewper
1979 1068 2096 1101 eosdem
2110 1067 2311 1102 Procuratores

1249 1106 1361 1137 nostros
1381 1107 1488 1146 Gesta,
1507 1108 1599 1146 Aeta,
1626 1107 1777 1147 Tractata,
1801 1109 1833 1139 &
1858 1107 2015 1149 Conventa:
2033 1108 2157 1148 fuerint,
2180 1109 2255 1140 Rata
2276 1110 2312 1140 &

1250 1145 1338 1176 Grata
1359 1146 1524 1185 habituros,
1542 1149 1575 1178 &
1598 1156 1630 1177 ea
1652 1148 1752 1178 omnia
1779 1148 1812 1177 &
1836 1147 1939 1186 singula
1954 1147 2236 1185 Approbabimus&
2250 1145 2314 1185 Κατ

1249 1183 1431 1225 tificabimus‚
1461 1187 1495 1217 &
1521 1185 1595 1216 Rata
1617 1185 1651 1215 &
1675 1186 1771 1216 Firma
1786 1185 1986 1224 Tenebimus‚
2005 1187 2103 1217 harum
2125 1186 2315 1218 Testimonio

1250 1222 1409 1254 Literarum
1427 1224 1521 1262 Sigilli
1540 1223 1625 1254 nostri
1643 1225 1809 1265 appensione
1829 1226 2015 1255 munitarum.

1287 1300 1356 1331 Dat.
1383 1299 1413 1330 in
1441 1304 1567 1330 Civitate
1591 1301 1680 1341 nostra
1704 1302 1853 1332 Londoniae
1871 1325 1880 1341 ,
1906 1302 2047 1333 vicesimo
2073 1303 2120 1334 die
2146 1302 2319 1341 Cimbris-3

1250 1338 1338 1370 Anno
1361 1338 1485 1370 Domini
1512 1340 1666 1371 Millesimo
1687 1341 1916 1379 quingentefirno
1943 1341 2032 1372 SeXto
2046 1341 2163 1373 decimo
2179 1365 2190 1380 ‚
2214 1342 2316 1380 Regni

1249 1388 1321 1409 vero
1341 1377 1428 1408 nostri
1443 1377 1576 1410 octavo.

1910 1458 1964 1488 Per
1980 1456 2062 1497 ipfirm
2080 1462 2187 1497 Regem.

2087 1532 2112 1566 P
2122 1546 2142 1567 ο
2153 1544 2178 1567 R
2186 1544 2210 1566 τ
2219 1544 2238 1567 i:
2246 1522 2283 1567 n:

1295 1609 1335 1644 M
1342 1623 1362 1644 A
1373 1623 1389 1644 x
1401 1619 1414 1645 1
1426 1621 1453 1645 M
1466 1624 1478 1645 1
1490 1620 1511 1646 L
1526 1624 1538 1645 1
1550 1621 1569 1645 Α
1580 1623 1603 1645 N
1611 1624 1629 1645 u
1637 1619 1666 1654 s,
1685 1611 1792 1646 Divina
1817 1612 1929 1646 favente
1947 1610 2109 1645 Clementia
2128 1612 2241 1644 Eleum
2262 1615 2318 1643 Ro*

1257 1663 1398 1682 manorum
1417 1652 1430 1683 I
1440 1661 1467 1683 M
1478 1663 1496 1684 Ρ
1506 1663 1523 1684 E
1533 1663 1557 1684 R
1568 1663 1588 1683 A
1600 1662 1623 1684 T
1633 1664 1653 1684 ο
1664 1663 1687 1684 R
1711 1653 1820 1692 semper
1847 1652 2003 1693 AugustuS,
2016 1663 2052 1682 ac
2070 1655 2225 1683 Germania>
2233 1676 2240 1689 ‚
2259 1654 2321 1682 Un-

1253 1695 1340 1727 gariae
1350 1714 1360 1730 ,
1382 1691 1537 1721 Dalmatiae
1545 1716 1556 1731 ,
1573 1696 1691 1721 Croati'ae
1699 1715 1708 1730 ,
1726 1690 1787 1727 &c.
1809 1691 1838 1722 R
1849 1701 1868 1722 E
1878 1702 1895 1722 x
1904 1715 1914 1730 ,
1932 1693 1958 1722 A
1969 1700 1993 1722 R
2002 1700 2019 1721 c
2027 1700 2050 1722 Η
2063 1701 2075 1721 1
2087 1700 2109 1722 D
2117 1701 2134 1721 u
2143 1700 2161 1721 x
2180 1695 2230 1722 Au
2254 1694 2321 1728 riae,

1258 1728 1328 1759 Dux
1354 1730 1518 1767 Burgundiae
1527 1753 1536 1769 ,
1560 1731 1740 1768 Brabantiae‚
1762 1730 1791 1760 C
1800 1742 1821 1761 o
1833 1739 1859 1761 M
1869 1740 1886 1760 E
1895 1741 1906 1760 s
1933 1729 2078 1760 Palatinus
2087 1753 2097 1769 ‚
2118 1728 2179 1765 &a
2233 1738 2319 1760 enore

1256 1767 1439 1799 Praesentium
1458 1768 1708 1808 Recognoscimus
1727 1770 1762 1801 &
1778 1768 1951 1800 Profitemur
1968 1768 2066 1809 quod,

1291 1845 1316 1871 Ρ*
1344 1845 1488 1885 Quamvis
1504 1846 1612 1878 Pacem
1635 1846 1794 1877 Unionem
1815 1842 1999 1885 mutuamque
2023 1844 2227 1877 Concordiam
2250 1844 2323 1876 inter

1258 1880 1439 1916 Christianos
1451 1883 1597 1923 Principes
1621 1884 1731 1924 semper
1752 1890 1787 1915 ex
1809 1885 1910 1916 animo
1925 1886 2188 1922 desideraverimus,
2206 1884 2240 1915 &
2255 1893 2323 1927 om-

1260 1924 1291 1953 ni
1311 1923 1408 1955 studio
1435 1933 1470 1954 ac
1491 1923 1670 1955 solicitudine
1691 1924 1766 1962 apud
1797 1924 1937 1955 universos
1965 1925 2027 1956 fere
2052 1923 2206 1954 Christiani
2234 1922 2323 1953 Orbis

1260 1960 1409 2000 Principes
1426 1961 1673 2001 solicitaverimus‚
2174 1997 2176 2000 y
2320 1988 2321 1991 ,

1294 2000 1403 2032 Edoni
1425 2010 1566 2039 quantum
1587 2001 1718 2032 intestina
1739 2001 1784 2032 illa
1801 2001 2035 2033 Christianorum
2060 1998 2228 2038 Principum
2252 1999 2324 2032 inter

1261 2038 1298 2070 Se
1314 2039 1465 2071 Discordia
1485 2041 1519 2070 &
1532 2040 1677 2071 Dissentio
1698 2040 1832 2071 haetenus
1846 2041 2071 2079 Rempublicam
2084 2039 2325 2077 ¹Christianorum

1262 2079 1433 2115 turbaverit,
1451 2078 1599 2117 afflixerit,
1618 2081 1653 2111 &
1667 2079 1738 2109 illius
1755 2078 1838 2109 Vires
1860 2080 2049 2117 contriverit,
2068 2079 2101 2110 ὃς
2116 2078 2195 2117 quod
2211 2079 2326 2118 gravius

1264 2117 1397 2151 ducimus
1410 2117 1565 2148 Christiani
1579 2118 1719 2148 Nominis
1733 2117 1840 2149 Hostes
1854 2119 1964 2149 Animo
1979 2118 2013 2149 &
2028 2115 2141 2148 Viribus
2157 2116 2327 2148 invalescen<

1265 2165 1306 2187 tes
1324 2157 1517 2194 opulentiores
1541 2156 1707 2194 reddiderit,
1724 2157 1908 2189 nihilominus
1927 2166 1996 2188 cum
2022 2156 2227 2188 nonnullorum
2244 2156 2328 2187 Prin-

1266 2196 1367 2232 cipum
1388 2205 1421 2226 ac
1441 2194 1645 2226 Potentatuum
1668 2194 1900 2227 Christianorum
1926 2196 2013 2226 animi
2033 2195 2211 2238 usqueadeo
2232 2194 2328 2238 ‘iffi'aess

1266 2233 1331 2264 nata
1354 2233 1538 2265 Dominandi
1562 2234 1695 2264 Libidine
1715 2234 1861 2264 videantur
1883 2234 2024 2273 succensi,
2042 2242 2072 2264 ut
2093 2240 2147 2264 nec
2169 2232 2327 2271 Cupiditati

1266 2271 1321 2301 suae
1342 2272 1492 2301 immensae
1506 2272 1662 2302 Rationem
1684 2280 1729 2302 aut
1745 2271 1875 2303 Modum
1891 2273 1983 2302 sistere
1995 2270 2117 2310 poffi'nt,
2135 2272 2230 2312 immo
2247 2271 2327 2310 post-

1267 2309 1364 2340 habita
1384 2311 1466 2339 omni
1488 2308 1616 2339 Ratione
1639 2307 1732 2349 AEqui
1755 2318 1836 2349 atque
1856 2309 1998 2348 Honesti,
2018 2311 2050 2341 &
2075 2310 2231 2341 communi
2253 2310 2328 2342 Rei-

1267 2348 1391 2385 publicae
1413 2347 1583 2378 Christianae
1603 2347 1760 2386 Utilitare,
1787 2348 1856 2379 nihil
1889 2350 1980 2387 magis
2004 2348 2134 2381 studeant
2155 2350 2240 2387 quam
2270 2351 2328 2381 fine

1268 2386 1442 2417 Discrimine
1462 2386 1582 2416 aliorum
1604 2385 1687 2417 Fines
1709 2387 1742 2417 &
1764 2386 1869 2418 Terras
1886 2387 1984 2418 Armis
2007 2397 2040 2418 ac
2068 2387 2147 2419 Bello
2169 2390 2303 2426 impetere
2318 2411 2331 2426 ‚

1268 2424 1373 2463 singula
1393 2435 1445 2462 pro
1462 2424 1560 2455 Libito
1580 2430 1717 2463 quantum
1739 2425 1850 2463 possent
1864 2425 2023 2464 depraedare
2042 2436 2076 2462 ac
2101 2426 2276 2467 depopulari,
2293 2428 2329 2458 &

1268 2464 1426 2494 universam
1450 2463 1690 2494 Christianitatem
1712 2464 1743 2494 iii
1761 2473 1906 2502 perpetuo¹
1922 2474 2018 2496 tenere
2036 2464 2174 2500 Incendio
2194 2475 2227 2497 ac
2249 2466 2330 2497 Tur-

1268 2501 1356 2539 bine,
1382 2509 1412 2531 ut
1441 2511 1509 2532 cum
1530 2501 1651 2531 aliorum
1673 2500 1776 2540 Injurizi
1795 2510 1879 2540 atque
1899 2502 2094 2541 Oppreffione
2121 2505 2170 2541 ipsi
2192 2506 2330 2536 continue

1267 2538 1478 2577 locupletentur
1501 2539 1534 2570 &
1554 2538 1709 2579 quaestant,
1728 2541 1918 2579 cogitavimus
1935 2541 2052 2572 tandem
2070 2542 2183 2573 illorum
2205 2543 2331 2574 molestis

1268 2589 1303 2610 ac
1325 2578 1488 2616 perniciosis
1500 2577 1658 2609 Conatibus
1679 2579 1827 2616 oportunis
1843 2577 2145 2618 Remediislobviare,
2165 2581 2197 2611 &
2220 2583 2331 2620 primos

1266 2628 1301 2648 ac
1331 2617 1505 2654 potentiores
1526 2615 1682 2647 Christiani
1705 2617 1794 2648 Orbis
1814 2617 1962 2656 Principes
1985 2628 2086 2650 contra
2107 2619 2226 2657 istorum
2248 2620 2331 2659 perfi-

1266 2655 1449 2725 ἓίίᾙωρῐυῐῐι
1465 2655 1592 2686 Rabiem
1612 2656 1820 2687 Tirrannorum
1843 2656 1879 2688 ad
1903 2661 2035 2690 mutuam
2049 2657 2254 2690 Defenfionem
2277 2669 2334 2695 coe

1287 2703 1370 2725 ortari
1386 2708 1388 2712 ⁴
2083 2722 2085 2725 ,

1303 2718 1416 2765 (Ξοηῆίῐ
1432 2734 1542 2772 itaque,
1557 2733 1594 2764 de
1612 2732 1784 2772 ampliffirno
1800 2727 1928 2774 Ing'enio,
1942 2732 2012 2766 Fide
2026 2744 2060 2767 ac
2077 2734 2245 2773 Prudentia,
2268 2735 2331 2768 Re·-

1265 2772 1460 2804 verendiffimi
1480 2775 1511 2802 in
1527 2771 1644 2803 Christo
1659 2772 1747 2804 Patris
1782 2773 1906 2804 Domini
1923 2774 2036 2803 Mathei
2057 2773 2144 2804 Tituli
2157 2777 2253 2804 SanHi
2275 2778 2328 2805 Po-

1264 2816 1384 2843 tentiam·
1405 2813 1513 2842 Sandi'ae
1535 2813 1665 2841 Romanae
1688 2798 1811 2853 Eccd’fiae
1834 2812 1981 2842 Presbiteri
2001 2812 2154 2843 cardinalis
2172 2813 2329 2855 Sedimenfia'·

1265 2851 1366 2883 Amici
1387 2850 1477 2881 nostri
1497 2850 1679 2888 Chariffimi,
2095 2884 2098 2888 ¹
2326 2888 2328 2890 v

1301 2889 1436 2922 Eundem
1455 2888 1737 2920 Reverendiffimum
1760 2887 1928 2920 Dominum
1955 2889 2145 2930 cardinalem,
2160 2891 2241 2922 omni
2265 2900 2328 2923 me-

1264 2929 1327 2960 liori
1350 2928 1442 2959 modo
1462 2927 1510 2959 via
1532 2927 1625 2959 forma
1650 2928 1684 2959 ὃς
1698 2927 1809 2958 Ordine
1832 2929 1934 2966 quibus
1955 2929 2070 2960 validiuS
2086 2930 2119 2960 &
2131 2929 2275 2961 efficacius
2291 2931 2328 2963 de

1260 2969 1323 3005 jure
1348 2967 1496 3006 poffumus
1511 2976 1544 2997 ac
1566 2966 1705 2997 debemus
1719 2990 1728 3005 ,
1754 2966 1964 2998 Constituimus
1988 2969 2021 2999 ὃς
2044 2967 2269 3007 Deputavimus‚
2293 2980 2328 3001 ac

1263 3007 1383 3037 Tenore
1397 3005 1581 3036 Praesentium
1598 3004 1807 3036 Censtituimus
1818 3006 2000 3045 Deputamus
2015 3008 2048 3038 &
2065 3006 2240 3038 Ordinamus
2254 3007 2330 3039 Pro-

1264 3052 1425 3077 curatorem
1449 3044 1495 3075 seu
1511 3043 1725 3083 Mandatarium
1746 3044 1878 3075 nostrum
1897 3045 2063 3083 specialem,
2081 3046 2115 3076 ad
2130 3045 2329 3078 Tractandum

1264 3083 1505 3122 Proloquendum
1521 3083 1554 3113 &
1569 3082 1920 3122 Concludendum‚Vice
1931 3094 1964 3114 ac
1978 3083 2111 3119 Nomine
2126 3084 2225 3115 nostro
2257 3096 2327 3117 cum

1263 3123 1449 3154 Sanetiffirno
1470 3123 1501 3152 in
1526 3120 1645 3151 Christo
1668 3122 1770 3160 Patre,
1797 3122 1933 3152 Domino
1954 3125 2063 3160 Leone,
2089 3122 2202 3154 Divinss
2224 3108 2329 3154 Provi-

1263 3162 1373 3200 dentia,
1393 3160 1507 3192 Sanctae
1523 3160 1669 3191 Romanae
1684 3160 1819 3191 Ecclefiae
1842 3164 1947 3190 Summo
1969 3158 2096 3200 Poncifice
2115 3161 2253 3196 Domino
2273 3173 2326 3192 no-

1264 3201 1325 3232 stro
1347 3199 1615 3237 Reverendiffimo,
1633 3201 1666 3231 &
1690 3209 1761 3229 cum
1783 3197 1970 3231 Sereniffimis
1992 3199 2171 3239 Principibus
2191 3200 2326 3231 Domino

1261 3242 1379 3270 Henrico
1386 3238 1501 3276 Angliae
1515 3236 1554 3273 ά
1569 3240 1692 3267 Franciae
1701 3260 1710 3275 ,
1719 3236 1757 3273 &
1770 3240 1886 3268 Domino
1900 3236 1997 3268 carolo
2009 3237 2204 3278 Hispaniarum
2220 3239 2323 3268 Catho-

1262 3279 1313 3308 lico
1330 3278 1444 3316 Regibus
1461 3277 1600 3308 Fratribus
1620 3277 1654 3308 &
1670 3276 1743 3306 Filio
1756 3276 1854 3307 nostro
1867 3275 2059 3315 Charissimis,
2077 3285 2122 3308 aut
2138 3284 2207 3307 cum
2222 3279 2323 3308 ebrum

1262 3316 1500 3349 Procuratoribus
1520 3315 1637 3354 plenum
1658 3323 1740 3353 atque
1761 3315 1901 3347 sufficiens
1921 3316 1956 3346 ad
1980 3315 2008 3346 id
2024 3315 2196 3346 Mandatum
2217 3316 2324 3347 haberi-

1262 3357 1352 3394 tibus,
1369 3355 1677 3392 confoederationem,
1692 3353 1864 3393 Unionem‚
1882 3354 2117 3392 Intelligentiam,
2133 3354 2177 3383 seu
2203 3351 2304 3393 Ligam
2325 3362 2328 3366 ’

1262 3404 1315 3434 pro
1344 3395 1498 3425 communi
1527 3394 1662 3423 omnium
1692 3392 1803 3424 Rerum
1832 3392 1990 3423 nostrarum
2014 3391 2263 3430 Co'nservatione,
2286 3404 2301 3424 a

1262 3432 1617 3465 mutuam'Defensionern
1638 3436 1738 3462 contra
1760 3431 1954 3470 quoscumque
1972 3431 2077 3461 Unum
2098 3438 2145 3460 aut
2168 3430 2263 3469 Plures
2284 3442 2321 3464 ex

1260 3473 1361 3504 Nobis
1375 3470 1524 3502 offendere
1539 3471 1681 3508 volentes,
1701 3470 1742 3500 his
1759 3470 1860 3501 Modis
1876 3470 1986 3500 Formis
2007 3468 2247 3509 Conditionibus,
2266 3470 2320 3501 sic-

1259 3513 1299 3543 uti
1323 3511 1417 3548 magis
1437 3509 1633 3541 commodum
1655 3511 1738 3546 atque
1766 3517 1942 3546 oportunum
1964 3506 2080 3546 praefato
2098 3506 2319 3551 *Reverendiffi-

1259 3559 1311 3583 mo
1324 3552 1443 3580 Domino
1456 3547 1600 3579 Cardinali
1613 3548 1646 3578 &
1666 3550 1790 3577 Dominis
1805 3546 1997 3587 Confoederatis
2013 3545 2154 3585 videbitur
2163 3568 2172 3584 ,
2201 3577 2204 3581 Α
2222 3582 2226 3587 ⁴

1296 3590 1408 3620 Da'ntes
1428 3589 1462 3619 δε
1479 3586 1685 3618 Concedentes
1707 3585 1800 3616 eidem
1816 3582 2065 3618 Reverendiffimo
2087 3586 2201 3614 Domino
2217 3585 2315 3615 cardi-

1257 3628 1317 3659 nali
1339 3627 1451 3665 plenam
1481 3635 1514 3656 ac
1537 3624 1738 3656 omnimodam
1760 3623 1929 3654 Facultatem
1955 3623 1987 3652 &
2019 3621 2194 3654 Potestatem
2217 3626 2315 3654 omnia

1258 3667 1291 3698 &
1318 3665 1423 3703 singula
1448 3666 1524 3696 circa
1546 3663 1688 3694 Praedieia
1709 3662 1836 3701 Agendi,
1855 3660 2034 3698 Disponendi
2057 3661 2089 3691 &
2111 3660 2316 3692 concludendi

1259 3715 1322 3745 quae
1342 3704 1470 3735 Nosmet
1484 3704 1502 3734 fi
1527 3703 1675 3740 praesentes
1695 3700 1887 3731 interessemus
1908 3698 2001 3739 facere
2022 3699 2180 3742 possemus,
2260 3730 2263 3733 Δ
2289 3734 2291 3738 ,

1293 3742 1424 3774 Necnon
1435 3741 1552 3780 Jurandi
1572 3742 1603 3770 iri
1617 3740 1754 3771 Animam
1776 3736 1920 3776 nostram,
1937 3737 1971 3768 &
1993 3737 2029 3768 de
2041 3733 2118 3768 Raro
2139 3737 2316 3770 Promitten-

1257 3784 1498 3854 dl'Promittentes
1521 3816 1632 3855 insuper
1653 3817 1682 3846 in
1698 3813 1798 3846 Verbo
1817 3812 1918 3845 nostro
1930 3812 2062 3846 Caesareo
2083 3817 2182 3846 omnia
2204 3815 2237 3846 δὲ
2259 3813 2317 3846 fin}

1259 3862 1343 3900 gula,
1363 3868 1393 3889 ut
1412 3858 1611 3898 proemittitur,
1628 3864 1677 3892 per
1691 3853 1848 3897 'praefatum
1865 3853 2141 3885 Reverendiffimum
2162 3856 2311 3885 Dominum

1258 3897 1431 3931 cardinalem
1453 3894 1672 3931 concludenda,
1690 3901 1718 3922 in
1743 3899 1879 3930 quantum
1895 3892 1960 3923 Nos
1982 3899 2176 3932 concernunt,
2193 3891 2311 3925 firmiter

1256 3948 1340 3977 atque
1368 3935 1564 3967 inviolabiliter
1584 3931 1656 3963 velle
1676 3931 1782 3965 servare
1803 3930 1837 3968 ὃς
1858 3932 1957 3972 exequi
1972 3955 1982 3968 ‚
2008 3931 2041 3962 ὃ(
2062 3931 2112 3960 illis
2130 3940 2309 3970 nequaquam

1257 3978 1337 4009 nullo
1355 3974 1472 4016 quaesito
1492 3973 1590 4004 colore
1612 3969 1657 4000 vel
1675 3968 1758 3999 causa
1780 3968 1888 4000 directe
1909 3970 1955 4001 vel
1970 3969 2108 3999 indirecte
2128 3970 2308 4000 contraveni-

1258 4013 1288 4047 re
1325 4016 1358 4046 &
1374 4015 1431 4044 hoc
1445 4012 1495 4042 sub
1509 4009 1695 4047 obligatione
1709 4008 1742 4038 &
1759 4006 1926 4045 Hipotheca
1941 4011 2075 4039 omnium
2096 4006 2240 4038 Bonorum
2255 4018 2314 4049 no·-

1259 4039 1382 4087 (trorum
1404 4050 1554 4083 mobilium
1574 4049 1608 4079 &
1629 4045 1849 4086 immobilium,-
1864 4046 1935 4079 dolo
1956 4047 1993 4078 δε
2010 4044 2108 4077 fraude
2125 4047 2244 4086 penitus.
2268 4046 2311 4075 sen

1582 4125 1625 4166 Q
1648 4120 1650 4123 ¹
2215 4078 2318 4126 elusis,³

1634 4131 1653 4155 Ζ

2363 1854 2379 1869 ’
2389 1852 2476 1881 ΧΙΠ.»Ι
