2542 4274
742 143 856 188 ET
941 143 1201 190 ACTA

20 229 150 262 Arm-D*
173 235 226 266 mo
244 230 440 267 inviolabiliter
457 226 629 270 observare}
653 240 686 262 ac
712 240 760 269 per
786 231 912 264 Parentes
936 232 1043 265 Literas
1068 235 1190 271 nostras,
1206 230 1226 261 fi

40 278 126 305 1521.
171 284 243 312 opus
260 274 356 311 fuerit,
376 270 568 314 confirmate..
765 309 769 314 ⁵
865 310 870 315 1

20 311 87 338 Hm.
106 307 134 337 8·
205 312 239 343 Iri
257 313 333 349 cujus
351 311 391 340 rei
406 309 622 339 Testimonium
638 307 825 339 Praesentibus
843 309 896 347 hiS,
915 309 1007 341 Manu
1024 310 1121 342 nostra
1136 309 1225 348 signa-

170 351 222 389 tis,
240 348 369 388 Sigillum
387 346 514 377 nostrum
532 346 662 376 duximus
679 347 887 386 apponendum.

204 423 272 454 Dat.
290 426 489 462 Romorentini,
508 422 554 453 die
574 422 672 461 quarta
691 422 799 453 Mensis
816 421 975 459 Februarii,
992 423 1080 454 Anno
1100 423 1224 454 Domini

167 459 324 506 Millesimo
347 461 573 502 quingentesimo
590 461 732 499 vigesimo
752 462 866 499 primo,
885 462 918 493 δε
934 461 1029 502 Regni
1054 462 1140 494 nostri
1156 462 1225 501 Sep-

167 508 250 531 timo.

328 578 409 614 Super
426 575 545 616 Plicam,

529 653 551 684 F
560 662 583 684 R
593 662 612 683 Α
624 661 646 684 Ν
655 663 672 685 c
679 663 698 684 o
707 661 727 684 γ
735 663 757 684 s.

728 733 783 760 Per
794 733 899 770 Regem.

893 807 1148 839 Ronssnre’r.

32 936 48 953 ⁹
60 932 145 963 XIII·
285 932 312 961 ’ἦ
336 936 395 967 Pro
420 927 526 967 Amba
547 931 690 966 tatoribus
715 936 814 967 Scotiae
835 931 872 965 de
897 928 1101 977 Potqsiasibus.

13 983 92 1044 A7n3n9'
105 1009 145 1040 D·
203 1017 314 1050 Ambus·
324 1043 334 1059 ,
351 1014 408 1051 Dei
420 1018 525 1059 gratia,
539 1021 598 1049 Rex
610 1022 760 1057 Scotorum,
774 1018 905 1049 universis
919 1018 952 1050 &
968 1018 1094 1058 singulis,
1105 1018 1140 1050 ad
1153 1021 1226 1057 quo-

12 1051 123 1087 ⁵*1521-
209 1067 272 1088 rum
290 1059 417 1092 Notitias
434 1058 579 1097 praesentes
601 1058 714 1089 Litterae
735 1058 931 1096 pervenerint,
949 1057 1085 1089 Salutem.

13 1092 66 1154 ᾔῃ·
76 1097 129 1152 8¹·2·
204 1096 303 1127 Sciatis
318 1097 403 1135 Nos,

208 1134 259 1165 De
275 1135 465 1166 Fidelitatibus
481 1134 624 1166 Industriis
639 1135 673 1166 δε
694 1133 819 1176 providis
839 1133 1152 1172 Circumspectionibus
1166 1131 1225 1170 Ve-

12 1168 54 1192 Ἐκ
73 1167 134 1193 Au·
169 1173 301 1204 nerabilis
315 1174 344 1204 in
358 1171 474 1204 Christo
488 1174 574 1204 Patris
586 1172 692 1203 Thomae
699 1173 824 1203 Abbatis
838 1168 998 1211 Monasterit
1014 1184 1047 1202 no
1071 1175 1095 1202 ri
1109 1172 1140 1201 de
1155 1163 1224 1200 Kel-

11 1208 78 1239 ’087-
163 1211 216 1252 fi,
236 1212 456 1251 nostrorumque
471 1212 652 1242 Confisorum
670 1211 871 1248 Dilectorum,
890 1211 1014 1254 Apdreae
1031 1250 1036 1255 ι
1058 1221 1087 1240 er
1101 1210 1136 1240 de
1153 1208 1224 1239 Ces-

169 1250 252 1282 furde
266 1250 402 1283 Gardiani
427 1249 589 1281 Mediarum
613 1249 810 1280 Marchiarum
833 1248 928 1286 Regni
950 1249 1038 1280 nostri
1053 1248 1144 1279 versus
1161 1249 1223 1292 Ast?

166 1289 274 1328 gliam,
291 1290 326 1321 δε
349 1287 482 1325 Magistri
503 1289 578 1318 Adae
600 1289 749 1318 O'ttirburn
770 1288 806 1319 de
819 1286 979 1318 Auldhame
1002 1288 1081 1319 unius
1096 1286 1224 1318 Concilii

166 1326 272 1365 nostri,
293 1328 450 1365 plurimam
468 1327 656 1365 confidentes,
970 1365 976 1371 ·
1090 1364 1095 1370 ·

203 1364 281 1403 Ipsos
294 1365 405 1396 nostros
420 1363 636 1396 Commissarios
654 1365 810 1403 Deputatos
825 1366 858 1396 ὃς
873 1364 1009 1395 NunCios
1022 1364 1169 1408 speciales,
1186 1371 1221 1393 ex

167 1403 355 1435 Avisamento
381 1405 413 1435 ὃς
433 1403 623 1434 Ordinatione
648 1402 852 1434 Dominorum
877 1400 976 1446 Regni
999 1402 1087 1433 nostri
1109 1402 1220 1446 Regen-

166 1444 240 1473 tium
255 1444 288 1474 ὃς
303 1441 448 1479 Concilii,
469 1441 575 1472 Fecille
592 1441 777 1472 Constituisse
792 1442 825 1472 &
840 1440 1007 1480 ordinaire,
1024 1451 1056 1472 ac
1072 1441 1223 1479 Facunus,

166 1480 377 1511 Censtituimus
392 1481 424 1510 &
441 1479 616 1510 Ordinamus
638 1490 687 1516 per
702 1479 870 1517 Praesemes,
984 1518 1000 1523 „
1156 1518 1161 1523 ι

203 1515 312 1549 Dantes
326 1520 360 1549 &
376 1516 578 1548 Concedentes
591 1518 674 1548 dietis
689 1516 790 1547 nostris
806 1516 1014 1548 Commissariis
1028 1517 1176 1555 Deputatis
1189 1518 1222 1548 ὃς

163 1555 303 1593 Nunciis,
319 1565 352 1586 ac
372 1554 496 1585 Duobus
512 1555 685 1586 eorumdem
707 1556 904 1593 conjunfflm,
923 1555 1047 1586 nostram
1069 1557 1221 1600 plenariam

162 1594 337 1626 Potestatem
353 1593 385 1624 &
404 1592 575 1625 Mandatum
589 1594 707 1631 speciale
728 1604 796 1624 curn
812 1594 1021 1625 Commissariis
1036 1594 1223 1625 Excellentis-

163 1633 226 1664 fimi
248 1632 388 1669 Principis
410 1631 507 1662 Fratris
532 1634 564 1663 &
587 1633 733 1663 Avunculi
751 1632 839 1662 nostri
862 1632 1002 1663 Carissimi
1018 1635 1130 1663 Henrici'
1144 1635 1223 1670 Regis

158 1670 278 1708 vAngliae
301 1670 374 1707 apud
399 1669 478 1707 Kella
502 1671 535 1701 &
556 1674 687 1700 Carrame
707 1671 794 1701 aliave
811 1670 889 1700 Loca
905 1673 1124 1709 convenientia,
1139 1679 1223 1709 prout

163 1709 304 1748 utriusque
318 1708 362 1740 Re
382 1710 411 1738 ni
426 1708 635 1739 Cominiffariis
646 1709 736 1739 visum
755 1709 836 1740 fuerit
852 1709 992 1746 expedire,
1009 1710 1126 1740 decimo
1141 1710 1224 1740 oeta-

163 1754 204 1779 νο
217 1748 264 1779 die
278 1746 350 1777 Men
364 1757 386 1777 is
398 1745 522 1777 instantis
536 1747 657 1785 Aprilis,
675 1756 721 1778 aut
743 1748 800 1777 aliis
818 1748 1031 1785 quibuscunque
1049 1748 1158 1778 Diebus
1176 1758 1224 1786 per

161 1786 256 1817 dictos
269 1784 486 1816 Commiffaiios
500 1785 718 1817 determinandis
731 1786 764 1817 &
779 1785 1018 1826 appiinetuandis,
1037 1785 1224 1819 Convenien-

163 1824 195 1856 di

204 1848 250 1895 Ἇε
265 1863 301 1895 de
317 1865 350 1896 &
368 1862 446 1903 super
461 1863 672 1901 Prorogatione
691 1864 725 1897 ὃς
749 1862 971 1896 Continuatione
994 1862 1076 1895 Pacis
1097 1866 1224 1905 Treuga-

165 1913 231 1934 rum
255 1902 378 1933 Induciis
402 1905 433 1934 &
456 1903 635 1934 Guei·rarum
658 1902 860 1941 Abstinentiis,
878 1906 950 1933 inter
970 1905 1029 1934 Nos
1052 1904 1084 1934 ὃ(-
1108 1905 1221 1935 diuitum

167 1945 296 1972 Fratrem
317 1941 431 1980 nostrum
452 1940 489 1975 <sy
512 1941 692 1971 Avunculum
709 1940 896 1972 Cariffimum
913 1940 1075 1980 Nostrique
1088 1943 1122 1974 &
1140 1941 1226 1980 Ipsius

167 1978 268 2019 Regna
286 1979 388 2019 Ligeos
403 1982 436 2011 ὃς
452 1979 585 2010 Subditos
603 1990 650 2018 per
664 1979 786 2010 Terram
803 1981 834 2010 ὃ(
852 1979 936 2011 Mare
951 1980 1088 2012 hincinde
1111 1983 1225 2019 capien-

168 2018 209 2049 dis
226 2019 258 2048 ὃς
272 2018 432 2055 firmandis,
451 2019 484 2048 ad
501 2017 627 2055 Spatium
644 2018 806 2057 duodecim,
823 2018 997 2057 Undecim,
1014 2019 1144 2059 Decem,
1158 2020 1228 2050 No-

168 2066 257 2093 vem,
275 2056 375 2094 Ceto,
392 2057 520 2095 Septem,
540 2065 586 2087 aut
607 2056 660 2086 Sex
678 2055 824 2087 Mei-isium
849 2058 983 2094 proximo
1000 2057 1175 2095 futurorum,
1193 2058 1228 2089 ad

169 2094 250 2125 hunc
265 2093 412 2125 Effeetum
433 2104 481 2132 ut,
499 2095 571 2125 infra
585 2095 715 2133 Tempus
730 2094 942 2135 prorogationis
957 2096 1119 2134 hujusmodi
1138 2097 1229 2134 Pacis,

171 2132 262 2164 nostri
275 2132 465 2163 Honorabiles
481 2132 699 2165 Ambaffiatores
714 2133 794 2164 dieto
811 2134 909 2164 nostro
927 2134 1079 2165 Carissimo
1093 2135 1182 2166 Fratri
1195 2136 1228 2167 &

171 2171 328 2202 Avunculo
350 2173 414 2209 Regi
436 2170 548 2208 Angliae
571 2181 624 2210 pro
645 2172 777 2208 longiore
798 2171 888 2210 Pace,
907 2174 976 2203 inter
1001 2173 1066 2203 Nos
1084 2174 1228 2211 nostrique

171 2209 207 2242 ’ὃς
226 2209 306 2247 ipsius
326 2208 428 2248 Regna
453 2209 557 2246 Ligeos
579 2211 611 2241 ὃ(
627 2209 760 2240 Subditos
780 2209 926 2248 habenda,
944 2210 1074 2242 destinari
1088 2214 1229 2251 poterint,

171 2248 440 2284 Communicandi,
457 2247 633 2285 Tiaecandi,
652 2248 685 2278 &
702 2247 927 2285 Concordandi,

206 2285 245 2316 Et
257 2285 341 2353 supedr
352 2285 512 2324 hujusmodi
527 2286 559 2316 &
574 2296 670 2317 earum
687 2286 890 2318 observatione
904 2287 1106 2318 concludendi
1121 2288 1155 2320 &
1165 2287 1229 2319 De-

171 2331 312 2355 tertmnan
335 2333 344 2352 1

211 2361 342 2392 Necnon
351 2346 539 2401 ’quascunque
552 2361 633 2392 Pacis
653 2362 874 2399 Prorogationes
895 2362 1076 2399 Treugarum
1100 2363 1230 2395 Inducias

170 2402 207 2433 &
224 2399 400 2430 Guerrarurn
427 2399 635 2437 Abstinentias,
653 2401 724 2431 inter
740 2400 849 2431 nostros
870 2399 1090 2432 Commissarios
1106 2404 1139 2432 &
1155 2403 1230 2432 Gar-

171 2439 285 2478 dianos,
303 2448 356 2476 pro
373 2437 473 2469 Nobis
488 2437 584 2468 nostro
601 2438 707 2477 Regno
725 2438 820 2476 Ligeis
834 2440 867 2470 &
884 2439 1024 2476 Subditis,
1035 2449 1068 2470 ac
1085 2440 1155 2470 dieti
1172 2440 1230 2471 Ca-

170 2477 271 2508 rissimi
289 2476 390 2508 Fratris
404 2478 437 2508 ὃς
453 2477 597 2507 Avunculi
614 2478 701 2507 nostri
715 2477 933 2508 Commiffarios
946 2480 979 2510 &
995 2477 1168 2514 Gardianos,
1177 2489 1227 2516 pro

171 2516 228 2554 Se,
248 2515 353 2556 Regno
375 2516 441 2553 suo,
469 2515 580 2554 Ligeis,
597 2516 630 2547 δε
651 2516 791 2555 Subditis,
809 2517 884 2554 prius
908 2517 988 2547 initas
1011 2518 1044 2549 &
1066 2518 1227 2557 conclusas,

171 2553 348 2586 Ratificandi
364 2555 396 2585 &
411 2554 594 2593 Approbandi
605 2577 614 2591 ,
879 2594 884 2599 ι
1044 2594 1048 2600 ,

212 2592 381 2630 Caeteraque
395 2593 491 2622 omnia
505 2592 555 2622 alia
571 2593 604 2624 ἂ
627 2592 731 2630 singula
754 2592 903 2631 Faciendi,
922 2592 1068 2632 Gerendi,
1083 2594 1116 2625 ὅτ
1137 2595 1229 2633 Expe-

174 2631 271 2661 diendi
288 2641 352 2669 quae
366 2631 394 2660 in
413 2630 567 2661 Praemissis
583 2632 615 2662 ὃς
630 2633 706 2662 circa
722 2642 753 2662 ea
771 2632 919 2662 necessaria
934 2633 1036 2662 fuerint
1051 2633 1094 2663 seu
1110 2643 1232 2672 quomo-

174 2669 283 2699 dolibet
297 2677 456 2706 oportuna,
475 2667 583 2699 Ratum
598 2670 631 2700 &
649 2669 771 2700 Gratum
786 2671 918 2700 habentes
932 2672 966 2702 &
981 2670 1126 2702 habituros
1138 2681 1229 2703 totum

174 2708 209 2738 ἃ
228 2706 365 2745 quicquid
379 2717 425 2745 per
441 2707 532 2737 aluos
546 2707 656 2737 nostros
675 2708 896 2738 Commissarios
912 2709 1068 2747 Deputatos
1083 2711 1116 2741 &
1140 2711 1230 2741 Nun-

174 2747 235 2776 cios
256 2754 302 2776 aut
322 2755 423 2776 eorum
448 2744 533 2775 Duos
555 2747 733 2776 con'unetim
752 2746 1026 2784 Conimunicatum,
1046 2748 1232 2789 Tradiatum,

172 2783 393 2814 Concordaturn
409 2806 418 2821 ,
442 2783 550 2814 Aetam
567 2807 575 2821 ,
634 2784 725 2815 esturn
738 2807 748 2821 ,
771 2785 962 2823 Expeditum,
988 2785 1234 2828 Determinatum,

172 2821 392 2854 Conclusumve
411 2821 494 2853 fuerit
509 2823 538 2852 in
554 2822 723 2862 Praemissis,
739 2823 784 2854 seu
801 2825 895 2864 aliquo
912 2825 1134 2856 Praemissorum.

211 2899 246 2929 In
260 2900 338 2938 cujus
353 2899 391 2930 rei
404 2898 620 2929 Testimonium
636 2900 685 2930 has
701 2900 806 2931 Literas
820 2900 925 2932 nostras
939 2900 988 2932 sub
1003 2902 1101 2934 nostro
1119 2901 1233 2944 Magno

175 2937 275 2976 sigillo
296 2936 354 2968 fieri
378 2937 499 2967 fecimus
519 2936 647 2968 Patentes
668 2939 740 2976 apud
763 2939 941 2983 Ediriburgh,
959 2941 1053 2978 primo
1066 2943 1111 2973 die
1128 2944 1235 2975 Mensis

178 2976 299 3015 Aprilis,
319 2978 405 3006 Anno
420 2975 543 3006 Domini
559 2976 716 3008 Millesimo
731 2979 961 3016 quingenteiimo
975 2980 1110 3012 vicesimo
1123 2984 1234 3022 primo,

178 3014 212 3044 &
229 3013 327 3052 Regni
340 3015 427 3044 nostri
439 3015 552 3046 octavo.

215 3088 269 3119 Sub
288 3088 378 3158 Sigiyo
390 3092 506 3156 tMagno
527 3095 602 3122 Cerae
623 3092 694 3123 alhae
708 3105 726 3123 a
735 3093 849 3134 fimplici
870 3094 955 3125 cauda
977 3097 1149 3134 Pergamena·
1163 3107 1233 3138 pen-

356 3139 388 3159 en
403 3140 424 3158 e.

182 3261 272 3296 Bulla
287 3260 379 3308 super
406 3265 641 3346 ProrogationeF
649 3265 745 3346 Οῇιὲσὶἱ
768 3271 936 3315 Legationis
958 3274 995 3309 όν
1020 3273 1233 3320 Ampliationis

638 3327 695 3346 acu
708 3326 817 3350 tatum.

390 3397 566 3444 Registrata
590 3401 622 3436 in
651 3404 781 3438 Camera
806 3403 1015 3452 Apostolica,

929 3492 995 3526 De
1020 3495 1183 3530 Castsi

28 3568 104 3601 'Ann.
119 3566 160 3601 D.
180 3571 259 3627 LE
269 3571 299 3602 O
318 3571 372 3619 E?
383 3581 395 3602 ῐ
404 3582 416 3603 s
424 3581 441 3602 c
452 3582 472 3602 0
482 3582 499 3603 Ρ
509 3581 531 3603 U
542 3583 563 3611 s,
581 3575 681 3620 Servus
693 3578 836 3606 Servorum
851 3580 915 3615 Dei,
921 3576 1044 3623 ,Dik‘sto
1059 3579 1132 3611 Filio
1140 3604 1149 3619 ,
1165 3581 1236 3611 Tho-

52 3616 134 3647 1521.
251 3622 301 3640 mae
320 3610 409 3641 Titulo
425 3612 534 3641 Sanciae
551 3612 653 3642 Ceciltae
670 3613 824 3652 Presbytero
842 3616 983 3645 Cardtnalt
1001 3627 1029 3646 in
1050 3618 1157 3654 Regno
1176 3622 1236 3650 Ari-

31 3650 83 3675 An.
104 3657 145 3675 η.
200 3649 246 3679 liae
260 3649 356 3680 nostro
373 3652 406 3681 ὃς
423 3649 599 3688 Apostolicae
612 3650 691 3682 Sedis
706 3652 829 3691 Legato,
845 3653 969 3684 Salutem
984 3655 1018 3686 ὃ(
1039 3656 1234 3693 Apostolicarn

28 3689 65 3713 H.
85 3685 101 3711 3
182 3657 426 3719 Benedictioiiem.

31 3725 72 3749 Ex
87 3723 145 3750 Ori·
224 3725 341 3756 Dudum
366 3726 515 3764 postquam
536 3728 792 3765 Circumspec‘i'ionem
814 3735 891 3757 tuam
911 3730 943 3760 ὃς
958 3729 1107 3762 ΒίΙεᾶυῐη
1131 3734 1234 3765 Filium

25 3762 94 3797 gine.
186 3765 368 3794 Laurentium
422 3765 508 3794 Tituli
524 3769 542 3795 S
548 3767 630 3795 mdlae
646 3766 820 3806 Anastafiae‚
839 3776 908 3797 tunc
923 3770 993 3798 vero
1013 3773 1108 3800 Sanc‘li
1128 3772 1234 3803 Thimae

31 3797 52 3816 ¹*
73 3798 163 3826 XIII·
184 3804 214 3835 in
228 3801 342 3832 Parione
357 3803 536 3833 Presbiterum
552 3804 739 3841 Cardinalem,
761 3815 845 3841 quein
856 3805 889 3835 ad
907 3806 1088 3839 Carissimum
1104 3811 1132 3840 in
1150 3811 1237 3842 Chri-

46 3844 115 3871 740·
185 3837 229 3868 sto
244 3839 347 3870 Filium
366 3841 492 3872 nostrum
511 3845 659 3872 Heumum
682 3843 793 3879 Angliae
815 3846 909 3879 Regem
930 3843 1144 3878 illustrissimum
1157 3873 1165 3886 ,
1185 3861 1237 3888 pro

182 3872 361 3914 Reipublicae
378 3879 544 3911 Christiana:
565 3881 655 3911 arduis
678 3881 828 3920 Negotiis,
848 3882 990 3912 Nostrum
1015 3886 1045 3915 ὃ(
1065 3886 1238 3923 Apostolicae

182 3913 263 3958 Sedis
279 3916 418 3953 Legatum
434 3919 470 3949 de
486 3919 614 3950 Frisium
638 3920 801 3949 nostrorum
815 3920 944 3950 Consilio
965 3932 1013 3958 per
1034 3925 1165 3962 quasdam
1187 3927 1237 3957 de-

183 3951 382 3984 stinaveramus
398 3957 426 3984 in
440 3956 519 3987 dicio
536 3959 643 3994 Regno
657 3959 690 3989 ὃς
705 3959 763 3988 aliis
778 3959 873 3988 Terris
886 3960 919 3990 δε
938 3959 1025 3990 Locis
1047 3963 1140 3993 eidem
1158 3963 1237 4002 Regi

181 3989 329 4028 subjectis,
348 3991 470 4024 Nostros
491 3997 523 4026 &
546 3997 631 4026 dietae
654 3997 731 4027 Sedis
756 3996 875 4035 Legatos
890 3997 925 4027 de
948 3998 1030 4028 simili
1045 3999 1174 4033 Consilio
1192 4014 1239 4041 per

180 4028 260 4098 AB&
275 4028 519 4098 delataiffralmus,
535 4045 650 4066 necnon
673 4045 721 4073 pei·
738 4035 871 4075 Reliquas
892 4036 1120 4077 Circumspectiom
1141 4042 1241 4081 vestre

261 4078 296 4097 m.
358 4090 366 4099 .
406 4092 413 4099 .
449 4092 457 4099 .

1284 143 1768 196 Pontica·
2248 168 2321 216 193

1263 233 1361 275 omnia
1376 233 1409 264 &
1425 234 1529 272 singula
1545 235 1716 269 Monasteria
1730 240 1763 270 ὃς
1781 240 1860 272 Loca
1876 241 2011 276 Virorum
2025 248 2059 279 &
2075 243 2231 280 Mulierum
2254 245 2320 278 Or²
2349 236 2478 271 Anna

1263 269 1363 300 dinum
1379 282 1614 312 quorumcunque
1627 277 1656 305 in
1672 276 1778 316 Regno
1793 279 1826 308 &
1850 279 1936 311 Locis
1958 286 2095 321 praedietis
2122 286 2314 325 consistentia,
2369 286 2453 317 1521.

1261 306 1399 346 Exempta
1414 313 1447 354 βε
1464 322 1520 342 non
1537 312 1692 354 Exempta‚
1707 325 1860 354 eorumque
1875 318 2052 352 Psaefldemes
2086 326 2119 356 &
2133 326 2195 356 ,fias
2219 324 2317 355 Perso„
2343 321 2408 346 Han.
2423 317 2451 346 8³

1264 356 1313 376 nas
1329 348 1388 390 tam
1410 359 1438 378 1n
1458 349 1560 387 Capite
1576 353 1664 389 quam
1683 354 1712 382 in
1735 352 1895 392 Membris,
1914 367 1947 387 ac
1970 347 2160 396 Spiritsialibus
2175 365 2207 394 δε
2219 362 2316 393 Tem-

1264 385 1405 422 poralibus
1420 391 1548 424 quotiens
1560 398 1734 428 oportunum
1750 391 1840 431 foret,
1860 402 1908 431 per
1922 405 1973 426 vos
1988 400 2166 435 conjunctim
2186 402 2230 432 vel
2248 401 2316 432 alios

1263 423 1389 466 ydoneos
1404 435 1474 463 quos
1490 428 1523 457 ad
1538 428 1565 457 id
1587 427 1718 460 duxeritis
1734 428 1938 469 Deputandos,
1959 434 2132 468 Au&0ritate
2153 439 2248 470 nostr&⁴
2261 439 2314 470 Vi-=

1263 461 1362 504 sitandi
1386 465 1429 507 &¹
1442 464 1646 505 Reformandi,
1664 469 1698 499 &
1719 468 1756 498 de
1778 477 1876 498 corum
1900 469 1965 501 Vita
1988 470 2166 513 Inquirendi,
2186 488 2219 507 ac
2240 477 2312 514 ipsos

1264 498 1431 543 Castigandi
1450 503 1483 533 &
1505 503 1660 544 puniendi,
1677 506 1784 544 aliaque
1804 515 1873 538 tunc
1895 509 2016 546 expressa
2039 511 2171 545 Faciendi
2192 516 2224 545 &
2238 516 2314 547 Eae·—

1259 538 1367 577 quendi
1381 539 1619 573 Concesseramus
1626 567 1635 581 ,

1302 575 1381 607 Ctirn
1405 588 1439 608 ex
1459 582 1542 611 certis
1564 581 1622 611 aliis
1641 580 1737 612 Causis
1753 583 1862 612 eundem
1883 586 2065 615 Laurentium
2086 589 2257 620 cardinalem
2279 593 2313 623 ὃς

1265 613 1408 658 Legatum
1423 626 1457 647 ex
1474 618 1576 658 Regno
1594 621 1626 650 &
1650 621 1802 659 Legatione
1817 621 1959 659 praedietis
1979 624 2013 654 ad
2029 624 2097 655 Nos
2118 629 2253 659 advocare
2270 631 2313 660 in-

1263 655 1452 692 tenderimus‚
1470 667 1517 694 per
1535 658 1598 688 alias
1613 659 1707 689 eidem
1722 660 1950 699 circumspeiiioni
1963 669 2018 691 tuae
2034 673 2134 693 omnes
2151 665 2182 694 ὃ(
2200 667 2317 702 singulas

1265 691 1420 723 Facultates
1434 694 1463 723 in
1476 696 1537 732 ipsis
1553 696 1664 727 Litteris
1674 698 1809 734 expreflas
1824 700 1857 730 &
1872 701 2028 739 concelias>
2050 701 2137 731 Motu
2151 706 2269 740 proprio
2283 706 2316 736 ὃς

1262 739 1299 760 ex
1320 740 1393 762 certa
1414 732 1507 764 nostra
1530 733 1651 765 Scientia
1672 745 1704 766 ac
1725 736 1760 766 de
1777 736 1953 774 Apostolicae
1971 738 2117 770 Potestatis
2131 741 2317 781 plenitudine,

1263 767 1465 814 Interceffione
1487 774 1572 802 etiam
1595 773 1701 810 praefati
1718 776 1830 804 Henrici
1846 778 1941 814 Regis,
1960 776 2101 808 Dedimus
2113 779 2145 809 &
2166 778 2319 810 Conceffi-

1263 817 1340 845 muS,
1358 817 1392 838 ac
1410 808 1569 841 Licentiam
1584 812 1699 850 desuper
1716 813 1744 842 in
1758 815 1890 844 omnibus
1903 817 1936 846 ὃς
1953 825 2002 852 per
2017 818 2116 847 omnia
2130 817 2236 855 elargiti
2259 818 2316 847 fui-

1263 855 1343 884 muS,
1361 847 1477 883 perinde
1498 859 1531 879 ac
1554 849 1573 879 si
1594 850 1680 880 didiae
1700 851 1810 881 Litterae
1825 854 1857 883 &
1876 852 2031 885 Facultates
2051 865 2066 885 a
2086 855 2227 893 principio
2242 856 2316 887 Tibi

1261 884 1316 915 soli
1337 884 1452 916 directae
1473 887 1506 917 δε
1527 888 1668 918 concessae
1689 889 1817 928 fuissent,
1832 891 1961 930 Tibique
1996 893 2055 923 uod
2074 895 2159 924 etiam
2175 894 2316 925 Seculares

1262 922 1472 955 Ecclesiasticas
1487 925 1620 957 Person-lis
1633 936 1666 957 ac
1684 926 1801 958 Clerum
1819 927 1866 958 Re
1886 931 1914 959 ni
1929 932 1961 961 Sc
2008 933 2200 962 rovinciarum
2223 933 2319 971 hujusa

1263 962 1361 999 modi,
1380 964 1569 1004 cujuscunque
1586 964 1807 996 Praeeminentioe
1821 969 1866 997 exi
1892 976 1984 1006 entes,
2002 971 2113 1000 vocatis
2128 980 2223 1001 tamen
2239 972 2270 1002 &
2288 973 2317 1001 in

1263 999 1321 1030 hoc
1337 1000 1407 1031 Tibi
1422 1002 1606 1034 affistentibus
1621 1013 1716 1035 earum
1729 1004 1885 1036 Ordinariis
1900 1007 2043 1045 Episcopis
2057 1009 2090 1039 &
2114 1009 2250 1048 Praelatis,
2270 1010 2317 1040 seu

1263 1039 1343 1069 simul
1360 1049 1429 1070 cum
1447 1041 1548 1072 eisdem
1572 1042 1731 1072 Ordinariis
1749 1042 1895 1084 Episcopis
1909 1046 1943 1076 ὅτ.
1958 1046 2100 1084 Praelatis,
2119 1048 2153 1077 ad
2170 1048 2317 1079 honestio-

1263 1087 1306 1107 res
1323 1077 1443 1109 Vive'ndi
1460 1080 1561 1111 Mores
1576 1082 1605 1111 in
1620 1080 1722 1118 Capite
1737 1082 1770 1113 &
1786 1081 1928 1114 Membris
1942 1084 2115 1123 reformare,
2132 1086 2165 1116 ὅ(
2181 1096 2232 1123 pro
2252 1087 2315 1116 illo-

1262 1125 1326 1146 rum
1342 1115 1562 1149 Reformatione
1576 1119 1734 1158 hujusmodi
1747 1120 1872 1151 facienda
1885 1123 2020 1153 omnibus
2035 1124 2067 1154 δε
2089 1123 2201 1160 singulis
2220 1124 2319 1156 Facul-

1262 1155 1364 1185 ratibus
1380 1157 1516 1194 praedictis
1531 1159 1589 1196 uti,
1607 1168 1640 1188 ac
1660 1162 1708 1198 per
1722 1158 1826 1189 Poenas
1841 1160 1874 1190 δε
1891 1159 2027 1192 Censuras
2042 1172 2089 1199 pet
2103 1162 2150 1193 Te
2165 1163 2208 1194 vel
2232 1164 2319 1194 aliurn

1262 1192 1307 1223 seu
1322 1194 1406 1232 alios,
1424 1194 1503 1233 super
1517 1196 1575 1226 hoc
1588 1207 1603 1227 a
1620 1196 1668 1227 Te
1681 1196 1873 1236 deputandos,
1894 1200 1928 1230 &
1942 1199 2003 1229 alias
2018 1209 2117 1231 contra
2137 1211 2180 1231 eas
2201 1202 2233 1232 &
2250 1202 2319 1233 Cle-

1262 1241 1326 1261 rum
1341 1233 1430 1269 ipsum
1445 1234 1616 1272 procedere,
1633 1236 1791 1303 corrigxcltre,
1808 1236 1964 1276 castigare,
1982 1239 2016 1270 &
2031 1240 2142 1277 punite,
2160 1250 2193 1271 ac
2210 1240 2243 1270 ad
2260 1243 2319 1272 lau-

1261 1270 1365 1300 dabiles
1383 1270 1486 1303 Mores
1501 1273 1651 1311 reducere,
1667 1275 1701 1305 ὃς
1747 1275 1803 1305 ices
1818 1283 1895 1313 tuas,
1912 1277 2042 1314 quotiens
2063 1277 2137 1308 Tibi
2159 1278 2318 1318 videbitur,

1262 1310 1445 1346 committere
1467 1312 1500 1342 &
1519 1311 1658 1342 advocare
1673 1312 1780 1350 possm,
1799 1313 1968 1344 Facultatem
1983 1316 2193 1354 concessimus,
2211 1317 2318 1356 Teque·

1263 1348 1357 1385 quoad
1372 1349 1517 1380 Praemiffa
1533 1351 1632 1380 omnia
1647 1350 1681 1380 de
1697 1351 1777 1380 simili
1791 1351 1920 1382 Consilio
1936 1353 2081 1384 Nostrum
2095 1356 2127 1385 &
2137 1355 2224 1386 diet-ae
2239 1356 2322 1387 Sedis

1264 1386 1402 1425 Legatum
1418 1388 1453 1417 de
1466 1388 1568 1419 Latere
1581 1389 1703 1419 fecimus
1718 1389 1916 1421 constituimus
1929 1392 1963 1422 &
1978 1392 2193 1432 deputavimus,
2212 1404 2246 1425 ac
2263 1394 2320 1425 Le-

1263 1427 1411 1461 gationem
1434 1435 1511 1457 tuam
1535 1427 1709 1467 hujusmodi,
1728 1437 1777 1464 per
1797 1428 1952 1460 Recessum
1968 1431 2036 1460 dim
2059 1434 2206 1463 Laurentii
2220 1433 2322 1463 cardi·-

1262 1463 1335 1493 nulii·
1348 1474 1364 1494 a
1376 1464 1456 1495 dieto
1471 1465 1594 1505 Regno,
1612 1476 1670 1496 non
1688 1467 1827 1504 expirare,
1844 1467 1889 1498 sed
1904 1468 1939 1498 ad
1954 1468 2071 1501 Annum
2082 1492 2091 1508 ,
2108 1481 2122 1500 a
2143 1470 2189 1501 die
2213 1471 2322 1502 Reces-

1262 1500 1308 1532 sfis
1327 1502 1407 1540 ipfius
1433 1505 1579 1535 Laurentii
1603 1505 1753 1536 cardinalis
1778 1506 2006 1544 computandum
2021 1530 2031 1547 ,
2053 1507 2200 1540 dumtaxat
2225 1509 2323 1548 quoad

1263 1540 1410 1572 Praemiffa
1425 1542 1522 1573 durare
1537 1543 1724 1574 decrevimus.

1301 1578 1337 1609 Et
1351 1579 1453 1611 deinde
1467 1582 1537 1612 cum
1551 1582 1679 1620 praefatus
1700 1585 1867 1614 Laurentius
1881 1584 2035 1614 Cardinalis
2051 1585 2085 1616 ad
2103 1586 2172 1617 Nos
2184 1587 2319 1628 rediisset,

1263 1618 1297 1648 &
1314 1617 1390 1648 Finis
1405 1620 1483 1650 Anni
1496 1631 1511 1651 a
1526 1621 1570 1651 die
1587 1620 1727 1653 Recessfis
1741 1621 1780 1652 sui
1795 1631 1829 1653 ex
1846 1622 1952 1660 Regno
1973 1624 2132 1662 hujusmodi
2148 1625 2250 1656 instare
2265 1637 2322 1656 no-

1263 1655 1396 1694 sceretur,
1416 1657 1485 1688 Nos
1498 1669 1547 1696 per
1560 1660 1676 1697 reliquas
1693 1659 1782 1690 Motu
1798 1662 1914 1699 proprio
1929 1671 1962 1692 ac
1979 1662 2103 1694 Scientifi
2125 1664 2158 1694 &
2175 1664 2324 1696 Potestatis

1263 1693 1436 1733 plenitudine
1452 1697 1610 1736 praediffis,
1626 1698 1845 1729 consideratione
1857 1701 1943 1730 etiam
1958 1700 2065 1737 praefati
2084 1702 2181 1742 Regis,
2201 1702 2322 1733 Annum

1263 1733 1450 1772 praedictum,
1469 1735 1540 1765 infra
1563 1746 1649 1773 quem
1674 1736 1874 1776 Circumspecffio
1897 1746 1945 1767 tua
1970 1748 2043 1769 tunc
2058 1739 2150 1771 adhuc
2170 1740 2325 1779 existebat,

1262 1781 1296 1801 ac
1313 1781 1380 1802 cum
1395 1773 1534 1804 omnibus
1544 1775 1578 1805 ὃς
1593 1774 1700 1812 fingulis
1715 1776 1743 1804 in
1759 1777 1797 1805 eis
1810 1778 1952 1806 contentis
1966 1776 2240 1816 Clausulis,singulas
2251 1789 2325 1816 prae-

1262 1809 1351 1841 dit‘Jtas
1367 1812 1402 1842 ad
1420 1811 1579 1850 Biennium,
1597 1824 1612 1842 a
1629 1813 1700 1844 Fine
1713 1813 1794 1850 ipfius
1807 1816 1906 1854 prioris
1921 1816 1997 1845 Anni
2011 1818 2324 1856 computandum,quo

1268 1849 1385 1880 durante
1401 1850 1493 1880 eadem
1512 1851 1710 1890 Circumspec‘iio
1726 1860 1775 1882 tua
1795 1854 1929 1883 omnibus
1943 1854 1976 1883 ὃς
1997 1853 2111 1892 singulis
2133 1855 2324 1887 Facultatibus

1263 1887 1335 1917 Tibi
1352 1899 1400 1928 per
1415 1889 1533 1928 singulas
1550 1891 1655 1920 Literas
1671 1892 1817 1927 praedictas
1838 1891 1976 1922 concessis
1994 1894 2137 1929 praeditstis
2159 1895 2221 1925 alias
2242 1896 2322 1933 juxta

1265 1926 1385 1964 ipsarum
1400 1929 1606 1959 continentiam
1623 1929 1656 1959 δε
1671 1938 1797 1959 tenorem
1813 1932 1851 1960 uti
1869 1931 1981 1970 valeres,
1998 1931 2185 1963 Extendimus
2199 1934 2231 1964 ὃ(
2248 1933 2324 1964 Pro-

1266 1967 1438 2005 rogavimus‚
1460 1968 1609 2005 eidemque
1624 1969 1854 2006 Circumspeeiioni
1869 1977 1922 1998 τιτι
1946 1978 1993 2007 ut,
2011 1971 2096 2000 etiam
2119 1972 2200 2002 dieto
2219 1982 2324 2009 proro-

1266 2012 1333 2042 gato
1352 2003 1470 2035 Biennio
1484 2005 1619 2043 durante,
1635 2008 1765 2044 quotiens
1782 2007 1810 2036 in
1826 2007 1959 2038 Ecclesiis
1973 2009 2006 2040 ὃς
2021 2008 2110 2039 Locis
2121 2009 2190 2040 dieti*
2216 2010 2324 2050 Regni,

1268 2045 1298 2073 in
1312 2042 1459 2074 Praesentia
1474 2044 1551 2083 ipfius
1562 2047 1640 2081 Regis
1657 2045 1691 2076 &
1704 2044 1866 2075 Cariffimae
1880 2047 1908 2076 in
1923 2045 2041 2077 Christo
2055 2047 2079 2077 F
2081 2048 2134 2077 iliae
2149 2047 2253 2079 nostrae
2268 2054 2325 2079 Cas*

1268 2080 1383 2111 tloerinae
1398 2082 1510 2119 Angliae
1526 2086 1633 2120 Reginae
1650 2083 1781 2122 illustris,
1799 2083 1843 2114 vel
1856 2083 1967 2115 alterius
1979 2095 2079 2116 eorum
2095 2087 2124 2116 in
2146 2086 2323 2118 Pontificali-

1244 2121 1320 2151 “bus
1343 2119 1495 2152 Missarum
1522 2121 1654 2152 Solennia
1674 2122 1845 2160 celebrares,
1861 2123 1994 2154 omnibus
2008 2125 2042 2155 ὃς
2058 2124 2170 2164 singulis
2185 2126 2326 2165 utriusque

1269 2158 1357 2189 Sextis
1373 2158 1480 2190 Christi
1492 2160 1514 2190 F
1517 2160 1650 2197 idelibus,
1668 2162 1735 2190 vere
1751 2160 1957 2192 poenitentibus
1971 2164 2003 2193 &
2019 2163 2168 2202 confessis,
2184 2165 2226 2195 seu
2242 2162 2327 2195 Con-

1269 2197 1366 2227 fitendi
1382 2198 1561 2238 Propositum
1585 2199 1766 2237 habentibus,
1784 2200 1818 2230 &
1840 2199 2032 2231 Celebrationi
2045 2201 2158 2239 alicujus
2175 2202 2326 2233 Missarum

1270 2235 1448 2274 hujusmodi,
1467 2246 1513 2267 aut
1533 2237 1628 2267 saltem
1645 2236 1858 2275 Benedidtioni,
1877 2248 1926 2274 per
1944 2247 1971 2268 te
1992 2239 2069 2276 super
2091 2239 2233 2278 Populum
2255 2242 2327 2273 inibi

1270 2282 1338 2303 tunc
1352 2274 1560 2305 intereffentem
1582 2276 1620 2304 lar
1640 2275 1745 2312 iendae,
1765 2275 2003 2316 interessentibus,
2022 2279 2172 2316 plenariam
2192 2281 2327 2310 omnium

1269 2311 1459 2343 Peccatorum
1481 2313 1593 2343 suorum
1645 2313 1822 2344 emissionem
1838 2313 2012 2356 Relaxandi,
2027 2316 2140 2354 plenam
2161 2317 2328 2349 &liberam

1270 2350 1445 2381 Facultatem
1462 2352 1660 2382 conceliimus.
2130 2388 2132 2390 ,

1305 2387 1341 2418 Et
1358 2389 1513 2420 successive
1529 2412 1538 2427 ,
1561 2392 1633 2421 crim
1659 2390 1736 2421 Finis
1762 2390 1872 2422 Biennii
1893 2401 1976 2429 proro
1995 2394 2032 2423 ati
2050 2393 2209 2433 hujusmodi
2227 2394 2327 2426 instare

1270 2427 1356 2456 etiam
1379 2428 1557 2466 nosceretur,
1581 2429 1649 2458 Nos
1677 2439 1725 2466 per
1749 2430 1813 2460 alias
1840 2429 1946 2461 nostras
1999 2432 2088 2462 itteras
2104 2442 2138 2463 ex
2161 2436 2242 2464 certis
2268 2434 2327 2465 aliis

1270 2464 1365 2494 Causis
1393 2467 1533 2496 Animum
1552 2466 1680 2497 nostrum
1703 2468 1901 2506 moventibus,
1930 2468 2017 2499 Motu
2035 2470 2159 2501 Scientia
2186 2472 2219 2502 &
2243 2471 2330 2503 Pote-

1274 2503 1342 2533 state
1361 2503 1506 2541 similibus,
1519 2505 1743 2535 consideratione
1761 2507 1846 2536 etiarn
1860 2504 1975 2545 praefati
1988 2511 2076 2546 Regis,
2094 2508 2244 2540 Biennium
2257 2519 2330 2547 prae-

1270 2542 1398 2580 di&um,
1425 2543 1497 2572 infra
1524 2543 1600 2580 quod
1626 2543 1719 2574 adhuc
1746 2543 1855 2582 existis,
1879 2554 1913 2574 ac
1933 2555 2001 2575 cum
2017 2549 2152 2577 omnibus
2167 2549 2200 2579 &
2220 2549 2332 2588 singulis

1271 2580 1301 2610 in
1326 2581 1364 2610 eis
1389 2581 1529 2611 contentis
1556 2580 1709 2619 Clausulis,
1735 2581 1853 2619 singulas
1881 2582 1999 2614 Litteras
2026 2585 2174 2625 praedidias
2199 2587 2233 2617 ad
2253 2588 2329 2618 aliud

1272 2617 1421 2649 Biennium
1446 2630 1461 2650 a
1488 2620 1558 2650 Pine
1577 2620 1657 2662 ipsius
1684 2622 1782 2657 prioris
1804 2621 1914 2652 Biennii
1933 2624 2178 2661 computandum,
2201 2635 2260 2663 quo
2277 2627 2332 2657 du-

1272 2668 1369 2688 rannte
1388 2658 1488 2689 eadem
1511 2660 1712 2697 Circumspediio
1731 2666 1780 2688 tua
1805 2661 1940 2690 omnibus
1959 2661 1992 2691 &
2012 2662 2119 2700 singulis
2150 2663 2334 2695 Facultatibus

1271 2698 1305 2728 &
1324 2697 1445 2734 plenaria
1469 2696 1647 2727 Remiffione
1667 2699 1801 2728 omnium
1823 2698 2010 2729 Peccatorurn
2037 2710 2084 2737 per
2102 2702 2207 2738 priores
2226 2704 2258 2733 &
2278 2709 2333 2740 po·-

1271 2735 1397 2765 steriores
1421 2736 1527 2766 Literas
1545 2735 1702 2774 hujusmodi
1721 2736 1858 2766 concessis
1882 2738 2021 2774 praedi-stis
2037 2740 2098 2769 alias
2113 2740 2189 2777 juxta
2206 2741 2327 2778 ipsarum

1270 2775 1397 2811 priorum
1417 2774 1578 2805 Literarum
1598 2774 1758 2811 hujusmodi
1777 2776 1983 2805 continentiam
2001 2778 2034 2808 ὃ(
2053 2785 2181 2808 tenorem
2204 2781 2242 2809 uti
2261 2779 2331 2810 libe-

1272 2814 1303 2842 re
1321 2814 1354 2844 &
1374 2813 1451 2843 licite
1471 2812 1592 2850 valeres,
1614 2813 1792 2843 Auctoritate
1810 2813 1975 2850 Apostolica
1994 2816 2124 2854 praefata,
2145 2815 2329 2848 Extendimus

1271 2851 1304 2881 &
1325 2850 1534 2889 prorogamus,
1553 2859 1638 2888 prout
1656 2852 1684 2882 in
1704 2851 1816 2890 lingulis
1832 2852 1944 2884 Litteris
1962 2853 2104 2891 praedictis
2120 2854 2230 2895 plenius
2248 2865 2321 2886 con-

1273 2896 1385 2920 tinetur.

1310 2967 1330 2987 *θ’
1350 2967 1435 3005 Nos,
1453 2964 1596 3006 cupientes
1609 2977 1686 3000 tuam
1704 2969 1841 3001 honorare
1858 2969 2129 3014 PersonamLutque
2141 2972 2267 3012 Negotia
2283 2983 2333 3012 pei·
2361 2972 2379 2997 ⁴¹¹
2400 2971 2488 3005 xiiii

1273 3006 1343 3036 Nos
1364 3007 1439 3037 Tibi
1456 3009 1607 3038 commissa
1628 3009 1742 3046 plenum
1768 3008 1968 3047 consequantur
1989 3011 2144 3049 eflectum,
2159 3012 2192 3042 ὅ(
2216 3020 2245 3043 ut
2266 3021 2331 3053 erga
2398 3023 2464 3051 74¹⁶

1270 3043 1404 3075 Personas
1426 3046 1455 3075 in
1479 3045 1569 3076 Locis
1590 3056 1647 3077 tuae
1676 3047 1836 3085 Legationis
1857 3048 2002 3078 residentes
2025 3050 2057 3079 &
2086 3049 2244 3081 Familiares
2268 3059 2331 3081 tuos

1271 3084 1424 3114 continuos
1435 3085 1634 3115 commensales
1647 3095 1680 3115 ac
1699 3087 1767 3115 alios
1782 3085 1965 3124 quoscunque
1979 3086 2051 3117 infra
2068 3087 2188 3119 Limites
2201 3098 2255 3119 tuit:
2273 3089 2330 3120 Le-

1270 3123 1405 3159 gationis,
1423 3122 1538 3153 durante
1562 3122 1718 3161 hujusmodi
1744 3123 1920 3163 Legatione,
1936 3132 1963 3155 te
1986 3125 2070 3162 possis
2090 3126 2203 3157 reddere
2222 3129 2327 3167 gratio-

1269 3160 1346 3197 sum,
1365 3160 1447 3189 eidem
1465 3159 1691 3200 C'irrumlpedi‘ioni
1712 3170 1766 3192 tuae
1787 3163 1841 3199 (de
1856 3173 1908 3204 qua
1930 3163 1958 3192 in
1975 3163 2026 3193 hiis
2047 3164 2080 3194 &
2103 3165 2161 3195 aliis
2181 3166 2327 3203 specialem

1270 3200 1299 3229 in
1321 3198 1454 3228 Domino
1480 3198 1616 3230 fiduciam
1643 3201 1829 3238 obtinemus)
1850 3199 1973 3240 Officium
1995 3201 2197 3232 Tabellionatu'r
2214 3206 2325 3241 quibus-

1272 3247 1386 3275 cunque
1402 3237 1529 3267 Personis
1543 3238 1676 3278 ydoneiS,
1695 3249 1810 3279 recepto
1825 3241 1859 3270 ab
1877 3240 2092 3278 eisJuramento
2109 3244 2136 3271 in
2152 3242 2243 3272 forma
2262 3242 2327 3272 soli-

1271 3284 1313 3314 ta,
1334 3275 1539 3313 Concedendi,
1557 3277 1672 3315 illosque
1688 3277 1871 3308 Tabelliones
1885 3278 2008 3309 Cl'eimdi
2025 3279 2089 3310 alias
2101 3280 2180 3318 juxtra
2201 3279 2326 3310 formam

1269 3315 1298 3343 in
1324 3313 1489 3351 Quinterno
1504 3314 1685 3345 Cancellariae
1702 3316 1879 3353 Apostolicae
1895 3317 2071 3356 descriptam,
2090 3328 2123 3348 ac
2140 3317 2247 3347 M‘ilitcs
2261 3321 2327 3348 Au-

1270 3359 1346 3382 ratos
1360 3352 1587 3393 Quinquaginta,
1602 3353 1639 3388 ῤ’
1658 3355 1769 3384 totidem
1786 3358 1897 3384 Comites
1912 3355 2068 3393 Palatinos,
2082 3367 2114 3385 ac
2128 3357 2240 3385 totidem
2264 3359 2325 3387 Ac-

1271 3391 1362 3420 colitos
1384 3391 1539 3429 Capellanos
1565 3392 1705 3430 Cieandi,
1724 3403 1838 3423 necnon
1862 3393 2042 3433 quadraginta
2065 3396 2091 3423 in
2110 3394 2218 3437 nol'tros
2233 3395 2265 3424 &
2284 3396 2326 3426 Α·

1270 3427 1419 3467 postolicae
1441 3429 1520 3460 Sedis
1545 3433 1675 3460 Notarios
1699 3431 1874 3461 Auctoritate
1896 3431 2062 3469 Apostolicfi
2085 3431 2272 3470 Recrpiendi,
2291 3435 2325 3465 &

1271 3469 1390 3498 aliorum
1412 3468 1575 3499 nostrorum
1598 3470 1631 3501 ὅτ
1650 3470 1737 3500 dietae
1758 3470 1838 3499 Sedis
1857 3469 2051 3500 Notariorum
2074 3471 2108 3501 &
2124 3471 2329 3502 Accolitorum

1273 3506 1493 3543 Capellanorum
1510 3516 1543 3536 ac
1562 3508 1643 3537 Aulae
1659 3507 1760 3538 nostrae
1778 3509 1943 3538 Lateranen.
1962 3507 2114 3537 Comitum
2125 3507 2316 3540 Palatinorum

1274 3552 1395 3575 numero
1410 3545 1443 3574 &t
1459 3545 1603 3575 consortio
1617 3545 1771 3583 respective
1787 3547 1974 3588 favorabiliter
1988 3546 2173 3585 aggregandi,
2191 3549 2229 3579 ita
2248 3533 2329 3588 quot}

1272 3584 1405 3613 omnibus
1421 3584 1454 3614 δε
1469 3583 1580 3619 singulis
1594 3582 1761 3621 PriVilegiis,
1779 3584 1985 3620 praerogativis,
2005 3584 2185 3624 l-lonoribus,
2202 3587 2330 3625 Exemp-

1274 3622 1418 3658 tionibus,
1437 3620 1559 3659 Gratiis,
1578 3621 1782 3660 Libertatibus,
1801 3622 2048 3662 lminuiiitatibuS,
2066 3624 2100 3653 &
2121 3622 2238 3656 Induitis
2259 3635 2329 3663 gau-¹

1273 3659 1355 3690 deant
1371 3661 1402 3689 δε
1419 3668 1549 3698 utantur,
1568 3661 1668 3698 quibus
1687 3661 1730 3690 alii
1748 3660 1834 3689 nostri
1849 3663 1882 3689 ὅσ
1897 3660 1982 3690 die‘tae
1997 3660 2076 3690 Sedis
2086 3661 2202 3693 Notarii
2220 3664 2253 3693 &
2270 3665 2330 3694 Ac-

1273 3699 1355 3729 eoliti
1378 3697 1523 3737 Capeliani
1543 3708 1576 3728 ac
1601 3699 1683 3728 Aulae
1707 3700 1808 3728 nostrae
1824 3698 2012 3729 Lateranensis
2037 3698 2171 3730 Comites
2194 3701 2330 3741 Palatini,

1273 3738 1360 3767 etiam
1377 3745 1444 3765 cum
1461 3735 1601 3766 Potestate
1618 3736 1742 3766 Creandi
1758 3736 1997 3774 Tabelliones,&
2013 3740 2199 3775 Legitimum*
2214 3739 2330 3779 Bastar-

1274 3776 1319 3805 dos
1334 3776 1363 3804 in
1377 3773 1486 3810 forma,
1509 3784 1623 3804 utuntur
1636 3776 1781 3812 potiuntur
1797 3776 1829 3805 ὃς
1849 3775 1987 3813 gaudent,
2006 3786 2039 3806 ac
2059 3779 2098 3807 uti
2114 3779 2198 3814 potiri
2213 3780 2245 3808 &
2261 3788 2332 3815 gau-¹

1274 3814 1340 3843 dere
1356 3821 1486 3850 poterunt
1509 3813 1728 3849 quomodolibet
1750 3814 1778 3842 in
1798 3813 1945 3851 futurum,
1961 3814 2176 3854 Exliibendique
2198 3817 2231 3845 δε
2251 3817 2331 3846 exhi-

1276 3853 1336 3882 beri
1352 3850 1471 3880 faciendi
1489 3851 1526 3880 eis
1543 3850 1663 3886 insignia
1678 3850 1843 3880 Notaiiati'is
1864 3851 2040 3891 hujusmodi,
2059 3863 2176 3891 recepto
2191 3855 2267 3892 prius
2291 3864 2332 3886 ta-

1277 3900 1343 3920 men
1362 3890 1397 3919 ab
1410 3890 1448 3918 eis
1462 3888 1543 3917 solito
1554 3889 1739 3926 juramento,

1313 3929 1359 3959 Ac
1375 3926 1551 3964 quascunque
1567 3926 1717 3961 Personas,
1734 3926 1903 3959 sufficientes
1917 3936 2013 3960 tamen
2030 3930 2064 3959 &
2079 3929 2217 3970 ydoneas,
2233 3932 2333 3962 velen-⁵

1275 3976 1316 3997 tes
1332 3965 1366 3996 ad
1391 3964 1568 3995 Doctoratcis
1591 3969 1635 3994 leu
1657 3965 1864 3996 Licenciaturae
1886 3977 1933 3998 aut
1947 3966 2148 3998 Baccalatiatfis
2168 3970 2197 3999 in
2213 3978 2334 4008 utroque

1274 4005 1320 4036 vel
1343 4005 1429 4034 altero
1448 3999 1564 4040 Juriuiri
1587 4004 1621 4034 &
1642 4003 1676 4033 ad
1695 4003 1876 4043 Magistratus
1891 4007 1952 4036 tam
1976 4007 2005 4035 in
2020 4005 2182 4046 Theologia
2196 4010 2280 4048 quam
2304 4011 2333 4037 in

1277 4043 1399 4074 Artibus
1413 4042 1445 4072 ὃς
1460 4039 1607 4072 Medicina
1620 4042 1664 4074 vel
1677 4041 1873 4110 aliosBCgradus
1892 4045 2076 4082 promoveri,
2094 4047 2202 4083 praevio
2222 4046 2337 4077 Exami-

2303 4094 2340 4114 ne
