2542 4274
87 935 107 956 ³⁸
119 933 202 967 xlv:

89 975 154 1011 484.

83 2154 163 2186 Ann.
178 2153 221 2187 D.·

82 2203 199 2269 ,25³3

82 2294 200 2345 ἠώς.

82 2353 118 2376 Η.
137 2348 164 2376 8.

82 2408 177 2455 mis.

80 3957 100 3976 ο
109 3957 191 3986 xm·

81 3996 147 4031 485-

809 142 916 185 ET
999 138 1268 185 ACTA

91 218 171 252 Ann·
186 217 228 249 D·
248 224 339 257 modo
359 224 557 267 derogatorio{
574 222 665 265 'palam
683 228 809 266 expresse
832 231 865 261 &
886 232 916 261 in
933 232 993 263 vim
1010 231 1089 263 Paeti
1105 230 1239 262 Nomine
1252 236 1305 257 no-

119 266 207 298 1534·
246 263 304 294 stro
320 265 532 297 Renunciandi.

95 303 160 327 Hm·
177 299 204 325 ²⁵-
285 303 332 334 Ac
354 305 438 335 etiam
459 304 647 344 Securitates,
664 305 832 344 Cautiones,
850 306 999 347 Promissa,
1019 309 1204 348 Obligatione
1246 304 1308 335 Lit-

247 349 334 379 teras,
351 343 385 373 &
403 342 511 380 Scripta
534 343 645 382 sigillata
659 354 712 383 pro
728 344 943 375 Praemissorum
960 348 1179 386 complemento
1229 344 1306 374 omi-

244 389 284 410 ne
304 380 402 423 nostro
423 381 611 414 Promittendi
624 382 770 414 Tradendi
783 384 817 414 &
830 383 1034 422 Deliberandi,
1052 395 1085 416 ac
1101 386 1305 424 Juramentuin

245 420 275 448 in
292 419 430 449 Animam
444 419 568 451 nostram
588 421 758 459 Praestandi,

277 456 507 500 'Confimiliaque
521 459 706 499 Securitates,
725 460 896 498 Cautiones,
916 461 1070 499 Promissa,
1088 461 1305 498 obligationes,

244 495 353 526 Literas
366 496 609 533 &juramentum
621 510 636 530 a
652 500 768 538 praefato
777 499 958 530 Sereniffimo
965 500 1096 538 Principe
1109 501 1201 540 ejusve
1209 498 1304 529 Com-

243 533 369 564 missario
383 534 508 567 {imiliter
523 536 679 576 Exigendi,
697 537 855 577 Stipulandi
868 538 901 569 ὃ(
916 537 1101 577 Recipiendi,

240 571 422 604 inunivera
441 576 475 605 &
496 575 600 614 singula
618 586 684 615 quae
696 585 747 615 per
759 579 891 615 praefatos
902 577 1050 615 Oratores,
1064 575 1302 612 Commissum,

239 608 460 651 Procuratores,
478 613 638 653 Deputatos
657 616 690 646 &
712 615 747 645 N
751 617 850 646 uncios
864 615 971 646 nostros
985 616 1201 655 Appunc‘tuata‚
1219 614 1303 658 Con-

240 656 344 687 venta,
370 650 514 683 Conclusa
538 654 572 684 &
592 652 778 685 Concordata
795 655 900 685 fuerint
918 654 1062 691 Vallandi,
1080 652 1251 684 Roborandi
1268 653 1302 682 &

240 685 426 720 Affecurandi
443 701 492 728 per
507 691 585 721 Fidei
600 693 844 732 interpositionem
859 694 892 724 &
905 692 1107 730 Juramentum
1121 694 1151 723 in
1167 693 1303 722 Animam

240 725 366 758 nostram
380 729 583 766 praestandum,

280 765 410 797 Necnon
424 768 459 798 de
472 769 505 799 &
522 767 601 806 super
615 769 773 808 hujusmodi
788 769 998 808 AppunCtuatis
1010 771 1044 801 ὅ(
1059 769 1227 807 Conclufis,
1245 778 1304 811 cee-

239 804 358 844 terisque
379 807 512 836 omnibus
528 808 561 838 &
578 807 692 846 singulis
704 808 848 839 Praemiffa
861 809 1089 847 qualitercunque
1103 816 1304 839 concernenti-

240 842 307 882 bus,
325 854 390 882 quae
410 854 480 875 cum
501 846 621 883 praefato
641 847 797 878 Avunculo
819 847 917 877 nostro
933 846 979 876 seu
1000 847 1059 885 ejus
1078 846 1304 881 Commissariis,

239 880 489 921 Procuratoribus,
506 883 656 923 Deputatis
676 887 709 917 &
732 886 859 916 Nunciis
873 884 1013 922 praedistis
1029 886 1217 923 appunetuata
1230 894 1303 915 con-

239 918 356 951 cordata
371 922 406 952 &
421 923 552 953 conclusa
566 924 686 962 fuerint,
704 925 825 955 Litteras
841 924 943 955 validas
958 924 991 954 &
1004 925 1022 943 ²*
1032 923 1162 956 efficaces
1173 933 1226 962 pro
1241 932 1303 961 par-

239 966 268 988 te
283 959 379 988 nostra
392 959 538 992 Tradendi
552 964 585 994 &
598 963 792 1001 Diliberandi,

277 996 390 1028 Literas
404 1009 439 1030 ue
459 1000 522 1030 alias
539 1002 693 1032 consimilis
706 1000 827 1034 effectas
842 1002 876 1032 ὃς
889 1002 992 1041 vigoris
1005 1010 1039 1032 ex
1050 1001 1134 1033 altera
1149 1002 1235 1033 Parte
1248 1000 1303 1031 Pe-

238 1035 319 1065 tendi
334 1037 368 1066 &
383 1007 553 1076 Recipiendi
562 1063 571 1078 ,

277 1073 314 1105 Et
327 1077 489 1115 generaliter
500 1080 597 1110 omnia
610 1078 757 1109 Praemiffii
772 1079 804 1109 ὃ(
820 1078 1035 1110 Praemifforum
1052 1078 1159 1118 fingula
1172 1078 1302 1122 qualiter-

238 1123 353 1153 cunque
371 1119 573 1148 concernentia
595 1118 727 1149 Faciendi
752 1117 912 1148 Exercendi
935 1119 969 1148 &
992 1117 1186 1156 Expediendi,
1207 1125 1244 1147 ita
1267 1118 1302 1148 &

238 1153 344 1187 eodem
367 1155 457 1186 modo
479 1156 547 1186 sicut
568 1155 637 1187 Nos
659 1156 708 1194 ipsi
730 1155 888 1187 faceremus
909 1157 942 1187 ὃς
963 1156 1056 1187 facere
1076 1156 1220 1196 possemus
1233 1155 1252 1185 fi
1270 1156 1301 1185 in

237 1193 354 1232 propria
370 1193 491 1225 Perionii
505 1194 601 1225 nostra
620 1195 829 1234 interessemus,
846 1195 894 1227 etsi
906 1196 967 1226 talia
982 1195 1034 1227 sint
1049 1205 1114 1234 quae
1127 1193 1301 1226 Mandatum

238 1235 274 1266 de
286 1237 312 1265 se
326 1234 416 1270 magis
430 1234 540 1273 exigant
553 1234 682 1272 speciale3

276 1273 496 1311 Promittentes,
514 1272 592 1303 bona
610 1272 680 1303 Fide
694 1273 727 1304 &
742 1273 771 1302 in
787 1272 887 1303 Verbo
902 1271 1012 1312 Regio,
1029 1274 1127 1303 omnia
1143 1274 1178 1304 &
1195 1270 1302 1308 singula

238 1323 306 1351 quae
326 1320 376 1348 per
394 1312 524 1349 praefatos
547 1311 783 1348 Commissarios,
809 1311 959 1349 Oratores,
976 1312 1191 1349 Procuratores,
1211 1311 1303 1349 Lega-

239 1360 303 1389 tos,
323 1350 498 1388 Deputatos,
518 1350 551 1381 &
571 1350 705 1380 Nuncios
716 1349 828 1381 nostros
840 1351 1042 1389 appuntstuata,
1060 1350 1212 1388 promissa,
1230 1359 1302 1380 con—

239 1390 357 1421 cordata
372 1391 405 1420 &
422 1389 554 1420 conclusa
566 1388 670 1419 fuerint
684 1389 713 1418 in
730 1388 782 1419 hac
797 1398 874 1427 parte
888 1389 957 1420 Nos
972 1388 1062 1420 Grata
1070 1388 1143 1419 Rata
1158 1390 1192 1420 &
1205 1388 1301 1419 Firma

201 1457 207 1459 .
238 1428 381 1459 habituros
401 1428 435 1458 &
457 1428 669 1464 observaturos,
684 1427 718 1457 ὃς
738 1427 883 1464 superinde
899 1427 1018 1457 Litteras
1032 1427 1139 1458 nostras
1155 1427 1301 1464 Patentes‚

236 1467 353 1505 Magno
374 1466 473 1496 nostro
496 1465 596 1504 Sigillo
621 1465 744 1503 figillatas
763 1464 913 1503 Manuque
933 1464 1031 1495 nostra
1042 1466 1220 1504 subscriptas,
1235 1476 1301 1496 om-

237 1507 320 1536 nium
342 1506 375 1536 &
400 1504 571 1543 singulorum
586 1503 803 1533 Praemifforum
818 1503 1041 1534 confirmatorias
1056 1504 1245 1535 ratificatorias
1265 1506 1300 1537 &

235 1543 456 1582 approbatorias,
476 1543 504 1572 in
523 1542 616 1572 forma
627 1541 721 1571 debita
738 1549 824 1579 prout
840 1552 912 1581 opus
926 1543 1009 1573 fuerit
1023 1541 1177 1574 duraturos.

274 1619 309 1649 In
334 1619 413 1657 cujus
437 1618 495 1650 Rei
514 1617 733 1649 Testimonium
758 1616 903 1655 Magnum
925 1617 1054 1657 Sigillum
1073 1619 1202 1650 nostrum
1222 1620 1301 1651 Prae-

237 1657 361 1689 sentibus
373 1657 492 1696 appendi
506 1656 629 1688 fecimus
641 1656 715 1693 apud
724 1655 885 1692 Edinburgh
897 1655 1028 1687 Decimo
1046 1657 1123 1688 sexro
1138 1658 1184 1688 die
1194 1658 1302 1690 Mensis

240 1696 402 1734 Februarii,
428 1696 514 1725 Anno
541 1694 665 1724 Domini
684 1693 839 1724 Millefirno
866 1694 1112 1733 Quingentefimo
1134 1696 1299 1728 Tricefimo

238 1736 340 1773 tertio,
357 1734 391 1766 &
406 1734 504 1776 Regni
520 1733 608 1765 nostri
626 1732 770 1764 vicesimo
785 1733 892 1772 primo.

841 1809 1016 1848 JAMEs
1055 1811 1095 1841 R.

421 1888 475 1917 Sub
493 1887 584 1926 Sigillo
601 1891 705 1924 Magno
715 1886 832 1935 praefati'
847 1888 925 1924 Regis
944 1889 1081 1917 Scotorum
1098 1889 1131 1918 de
1147 1890 1220 1921 Cerci
1238 1890 1304 1922 albd

444 1927 580 1964 pendente
593 1938 611 1956 a
628 1926 724 1956 Cauda
743 1929 925 1964 Pergamenae.

490 2076 634 2112 Protefflo
648 2086 704 2123 pro
717 2077 855 2124 Epifiopo
875 2079 1053 2113 Norwicen.

240 2174 366 2235 REX
381 2175 518 2207 omnibus
533 2174 569 2206 ad
588 2184 677 2214 quOS,
693 2174 754 2205 &c
773 2174 909 2205 Salutem.

354 2214 437 2246 Cum
459 2214 589 2244 Ricardus
609 2213 790 2258 Norwicenfir
804 2211 963 2258 Episcopum,
979 2213 1010 2243 in
1026 2212 1114 2246 Curia
1128 2213 1223 2246 nostra
1236 2217 1302 2246 Ter-

238 2256 308 2285 mino
331 2255 428 2284 Sanc‘li
449 2252 567 2282 Hillarii
587 2251 676 2282 Anno
690 2251 791 2289 Regni
805 2252 892 2282 nostri
907 2252 1043 2283 viccfimo
1061 2254 1180 2292 quinto,
1198 2264 1300 2284 coram

237 2293 353 2331 Nobis,
370 2293 406 2323 de
419 2293 454 2323 &
473 2291 554 2329 super
571 2291 693 2328 quadam
707 2289 777 2321 Bina
792 2300 841 2328 per
856 2290 1040 2321 Attornatuin
1056 2291 1186 2322 nostrum
1201 2292 1301 2323 Gene-

236 2332 326 2363 ralem
349 2332 379 2360 in
399 2330 500 2360 eadem
520 2328 609 2360 Curia
632 2328 727 2359 nostra
742 2339 796 2365 pro
808 2328 908 2359 Nobis
923 2330 1017 2360 versus
1028 2328 1179 2368 praefatum
1192 2331 1301 2371 Episco-

228 2378 311 2408 pum,
330 2379 380 2409 per
398 2369 524 2399 Nomen
539 2367 650 2397 Ricardi
664 2366 785 2406 Epifiopi
800 2367 984 2407 Norwicenfis
995 2368 1139 2407 exhibita,
1155 2369 1190 2399 de
1205 2371 1299 2401 diver-

233 2409 266 2444 sis
279 2408 502 2447 Contemptibus
515 2406 791 2445 Transgreffionibus
805 2405 838 2436 &
854 2405 979 2435 Offeniis
993 2416 1042 2443 per
1051 2407 1135 2446 ipfiaem
1142 2407 1299 2447 Epifiopum

232 2457 323 2489 nuper
343 2445 502 2479 commiffis
521 2446 554 2477 &
576 2445 738 2484 perpetratis
758 2451 858 2474 contra
872 2444 941 2474 Nos
955 2443 1105 2475 Coronam
1119 2445 1298 2485 Dignitatem

232 2488 268 2520 &
283 2486 433 2526 Regaliam
447 2482 632 2522 nostram,ac
647 2492 746 2513 contra
762 2483 900 2512 Formam
916 2482 1017 2514 Statuti
1030 2483 1122 2514 versus
1130 2483 1300 2523 Provffores,

232 2527 264 2556 in
284 2525 477 2556 Parliamento
501 2520 626 2553 Domini
648 2521 761 2551 Ricardi
801 2521 917 2550 nondam
944 2524 1022 2559 Regis
1050 2522 1163 2559 Angliae
1184 2524 1298 2553 Secundi

231 2564 429 2603 Progenitoris
451 2560 541 2592 nostri
559 2559 625 2600 post
647 2531 868 2604 Conquesfum,
891 2560 966 2603 apud
993 2560 1184 2604 Wyntoniam
1206 2563 1296 2593 Anno

230 2602 262 2633 R
301 2604 329 2633 ni
345 2603 386 2633 sui
403 2599 607 2633 sextodecimo
622 2606 703 2629 tento
718 2597 804 2636 editi,
822 2596 985 2628 Convictus
997 2598 1108 2637 fuiffet,
1119 2610 1234 2631 necnon
1247 2610 1296 2640 pei·

227 2612 378 2681 jufficium
398 2638 523 2678 ejusdem
545 2637 644 2667 Curiae
665 2635 772 2667 nostrae
797 2635 856 2666 Die
881 2635 1001 2675 Martis,
1019 2637 1169 2677 videlicet,
1186 2642 1297 2670 Decimo

230 2681 274 2711 die
295 2679 434 2710 Februarii
449 2676 539 2707 Anno
552 2675 648 2714 Regni
661 2674 750 2705 nostri
762 2674 903 2711 praedieto
915 2683 993 2705 extra
1005 2674 1223 2708 protectionem
1242 2688 1297 2709 no-

230 2719 320 2750 stram
342 2716 446 2756 positus
467 2713 579 2752 suisset,
593 2721 679 2751 prout
698 2722 747 2752 per
766 2712 938 2756 Recordum
960 2713 1026 2745 inde
1047 2715 1078 2745 in
1094 2715 1193 2746 eadem
1206 2716 1295 2749 Curia

231 2756 329 2789 nostra
342 2765 442 2787 coram
458 2752 560 2784 Nobis
574 2751 693 2782 residens
708 2750 856 2781 manifeste
871 2751 973 2790 liquet,

266 2795 425 2834 Posteaque
448 2792 518 2822 idem
539 2790 679 2831 Epistopus
693 2790 791 2820 Nobis
804 2789 964 2833 humillime
976 2791 1144 2830 supplicavit
1159 2801 1205 2832 ut,
1221 2804 1292 2826 cum

227 2834 289 2872 Ipse
308 2842 383 2865 eittra
404 2830 624 2862 Protec‘tionem
644 2828 769 2859 nostram
794 2828 832 2858 fic
854 2828 988 2868 existens,
1007 2832 1102 2863 timeat
1127 2831 1177 2862 fibi
1196 2833 1290 2863 Dam-

226 2882 318 2911 pnum
341 2874 375 2904 &
397 2868 561 2901 Periculum
584 2868 621 2899 de
643 2867 775 2905 Corpore
793 2867 842 2897 suo
865 2877 914 2904 per
929 2867 1064 2906 quosdam
1077 2870 1139 2901 suos
1152 2869 1292 2903 AEmulos

225 2911 344 2943 faciliter
359 2909 439 2949 posse
455 2908 570 2940 evenire
584 2905 634 2937 nisi
648 2916 698 2947 per
710 2905 780 2936 Nos
797 2906 849 2936 sibi
863 2906 1081 2939 misericorditer
1095 2909 1290 2948 subveniatur,

226 2950 348 2981 velimus
370 2958 423 2988 pro
439 2946 594 2978 Securitate
615 2945 744 2983 corporis
762 2944 802 2974 sui
823 2945 852 2974 in
874 2945 927 2976 hac
939 2954 1014 2983 parte
1029 2955 1130 2978 contra
1144 2947 1290 2981 Malitiam

227 2989 376 3019 ditstorum
390 2987 504 3018 suorum
521 2983 709 3015 AEmulorum
726 2984 846 3022 gratiose
861 2984 1029 3023 providere,

268 3027 356 3064 Nos,
375 3023 582 3063 Supplicationi
602 3023 746 3061 praedictae
764 3022 951 3066 favorabiliter
970 3024 1114 3062 inclinati,
1133 3024 1169 3055 de
1188 3025 1290 3059 Gratia

230 3065 340 3102 speciali
360 3073 394 3095 ac
416 3063 498 3094 certis
515 3062 550 3093 de
566 3060 662 3093 Caufis
674 3061 744 3092 Nos
755 3060 909 3098 specialiter
925 3063 1108 3093 moventibus
1119 3063 1290 3103 suscepimus

230 3104 266 3135 δε
283 3103 547 3139 acceptavimus‚ac
560 3109 610 3139 per
625 3099 780 3131 Praesentes
797 3099 957 3140 suscipimus
971 3101 1005 3132 ὅσ
1018 3110 1197 3140 acceptamus
1211 3104 1288 3135 Cor·

230 3152 284 3180 pus
298 3142 331 3173 &
347 3141 502 3172 Personam
512 3138 627 3178 praefati
639 3138 759 3178 Epifiopi
774 3139 801 3167 in
817 3138 1031 3170 Proteffionem
1046 3140 1078 3170 ὃς
1094 3139 1207 3171 Salvam
1224 3143 1289 3174 Tu-

226 3181 314 3212 telam
329 3179 453 3210 nostram
465 3178 551 3215 usque
566 3177 685 3208 Festum
691 3177 758 3208 Pasc
764 3176 809 3208 hae
825 3178 960 3216 proximo
972 3178 1101 3209 futurum
1110 3180 1145 3209 viri
1162 3180 1214 3210 hiis
1225 3192 1291 3221 quae

227 3219 351 3258 sequitur
373 3216 466 3248 modo
490 3217 523 3247 δε
541 3215 651 3252 forma,
668 3215 819 3254 videlicet,
836 3216 1026 3248 Prohibemus
1039 3218 1175 3249 omnibus
1188 3220 1221 3251 &
1236 3221 1290 3252 fin-

231 3258 306 3296 gulis
326 3254 451 3287 Subditis
464 3252 567 3285 nostris
581 3254 615 3285 δε
627 3263 730 3285 eorum
743 3254 858 3286 cuilibet
874 3255 1077 3294 cujuscumque
1096 3256 1191 3288 Statfis
1207 3257 1289 3290 Con-

233 3295 350 3327 ditionis
370 3302 419 3325 aut
443 3291 558 3323 Gradi'is
581 3292 684 3323 fuerint
704 3292 750 3323 seu
771 3292 874 3330 fuerit,
891 3295 972 3332 qubd
993 3295 1108 3333 aliquod
1121 3295 1289 3335 Dampnum

234 3336 280 3366 seu
292 3335 414 3371 aliquam
428 3332 584 3362 Laefionem
594 3330 714 3370 praefato
727 3331 852 3371 Epifiopo
864 3332 900 3362 de
906 3331 1037 3370 Corpore
1050 3333 1099 3363 suo
1114 3344 1171 3364 non
1188 3336 1290 3370 faciant

233 3383 289 3405 nec
305 3372 364 3403 fieri
380 3377 551 3409 procurent,
567 3379 621 3400 nec
635 3380 738 3401 eorum
751 3370 849 3408 aliquis
866 3371 949 3401 faciet
966 3371 1011 3402 seu
1027 3371 1086 3402 fieri
1099 3381 1236 3409 procuret
1249 3376 1292 3406 ul-

232 3413 264 3443 lo
279 3410 384 3449 modo,
399 3409 433 3479 ἓξ
448 3408 572 3477 Fpmam
585 3408 691 3440 Pacem
703 3408 833 3441 nostram
846 3409 912 3441 inde
924 3410 1019 3442 eidem
1033 3411 1158 3450 Episcopo
1173 3412 1292 3445 Conce-

230 3453 325 3482 dimus
358 3459 387 3480 er
431 3457 467 3477 rae
480 3454 571 3485 enteS‚

269 3489 308 3520 Et
325 3459 438 3520 uliterius
459 3485 495 3517 de
518 3485 642 3517 uberiori
664 3484 762 3517 Gratia
780 3485 875 3517 nostra
889 3487 1030 3519 Volumus
1047 3489 1080 3520 &
1098 3487 1292 3522 Concedimus

232 3528 327 3559 eidem
348 3525 471 3565 Epifiopo
496 3533 546 3563 per
571 3523 739 3566 PraesenteS,
756 3525 837 3562 quod
856 3527 953 3556 omnia
967 3526 1089 3558 Bona&
1105 3526 1214 3559 Catalla
1227 3540 1292 3568 quae

231 3575 299 3598 ante
321 3565 488 3604 praedictam
503 3561 731 3593 Convictionern
747 3563 938 3601 &judicium
953 3564 1067 3596 fuerunt
1079 3565 1154 3606 ipfius
1172 3569 1292 3607 Episcopi

231 3613 391 3636 remaneant
404 3603 440 3634 de
455 3609 559 3633 caetero
573 3602 601 3631 in
613 3599 752 3631 Custodia
765 3601 810 3632 sua
823 3602 873 3632 sub
884 3601 1070 3634 protectione
1083 3604 1178 3636 nostra
1190 3609 1291 3644 praedi,

231 3643 278 3673 &a
290 3668 300 3680 ,
318 3643 416 3674 eadem
432 3640 616 3672 Proteffione
630 3639 763 3678 durante,
781 3640 882 3678 absque
897 3640 1056 3680 captione,
1071 3641 1289 3686 Asportatione,

232 3680 441 3713 Molestatione
453 3702 463 3717 ,
490 3679 536 3710 seu
556 3678 772 3709 Perturbatione
799 3678 982 3709 Escaetorum
1003 3679 1223 3713 Vicecomitum
1242 3685 1289 3716 seu

229 3719 350 3762 aliorum
371 3720 561 3752 Subditorum
582 3717 747 3748 nostrorum
769 3726 1038 3757 quorumcumque,
1055 3717 1100 3749 seu
1117 3728 1218 3752 eorum
1241 3723 1291 3754 ali-

230 3766 267 3788 cu
281 3768 310 3788 us

266 3767 306 3826 JEt
319 3782 364 3826 ’de
381 3797 478 3827 eadem
501 3796 602 3827 Gratia
616 3794 710 3825 nostra
726 3794 839 3825 ulterius
853 3793 998 3828 Volumus
1009 3795 1042 3826 &
1055 3795 1146 3827 eidem
1165 3799 1290 3840 Epifiopo

232 3834 394 3865 Licentiam
411 3835 522 3865 Damus
543 3844 592 3873 per
616 3834 784 3870 Praesentes,
804 3831 884 3871 quod
903 3832 964 3876 Ipse
982 3833 1057 3864 licite
1071 3835 1104 3865 &
1120 3835 1240 3875 impune
1257 3842 1291 3871 ad

232 3874 422 3910 quascumque
435 3872 529 3905 Partes
543 3874 625 3911 huius
640 3872 737 3913 Regni
750 3870 838 3903 nostri
856 3871 983 3910 Angliae,
999 3883 1015 3903 a
1030 3872 1173 3905 Custodia
1189 3876 1292 3909 Maris-

233 3912 297 3942 calli
315 3910 500 3941 Mariscalciae
515 3912 638 3950 nostrae,
657 3913 712 3950 ire,
730 3913 764 3943 &
778 3911 814 3941 ab
828 3909 930 3940 eisdem
946 3909 1076 3942 Partibus
1090 3912 1177 3944 redire
1194 3916 1292 3956 valeat,

231 3951 265 3981 &
289 3949 394 3980 ibidem
413 3949 432 3967 ¹*
452 3949 572 3980 Moram
592 3951 699 3981 trahere
722 3950 900 3987 ubicumque
921 3948 969 3978 sibi
989 3948 1124 3986 placuerit
1146 3952 1215 3984 infra
1230 3954 1292 3986 Re-

229 3997 320 4028 gnum
336 3987 466 4017 nostrum
482 3989 649 4024 praedidturn
660 4013 670 4028 ,
686 3989 786 4027 absque
802 3987 1013 4025 Impedimento
1029 3987 1231 4023 Molestatione
1246 3993 1291 4024 seu

234 4026 410 4059 Gravamine
425 4034 609 4065 quocumque
625 4038 675 4067 per
689 4027 856 4067 praed'idium
872 4025 1067 4062 Mariscallum
1081 4027 1229 4069 nostrum,
1246 4031 1292 4063 seu

1352 136 1838 186 PUssLica.
2340 170 2413 206 191

1340 222 1464 262 aliquem
1484 224 1575 269 aliurn
1587 224 1778 271 Subditorum
1791 230 1953 275 nostrorum
1965 235 2008 267 seu
2025 245 2126 268 eorum
2143 238 2271 278 alicuius,
2285 238 2402 278 Judicio
2422 234 2500 266 Arm·
2517 237 2542 266 D

1342 261 1746 340 &Iffoczljsffit’logci-Pfaedlffls
1759 276 1789 296 ¹1¹
1804 269 1896 307 aliquo
1912 282 1972 303 non
1987 276 2172 308 obstantibus.
2419 282 2528 340 Ηὶἔέῒ

1339 375 1466 447 bn'llsa'pisite
1490 379 1600 418 meipso
1622 381 1695 420 apud
1720 381 1993 424 Wstmonasterium,
2014 388 2142 421 Decimo
2164 402 2244 423 nono
2269 392 2327 423 Die
2351 392 2404 422 Fe-

1996 464 2048 492 Per
2064 465 2145 503 ipsiim
2164 470 2266 505 Regem.

1676 586 1724 618 De
1747 589 1888 621 Licentia
1910 589 1940 620 E
1943 587 2064 634 lIgendi.

1339 665 1462 734 REE)l(
1483 667 1625 737 DSizlffittgn
1629 669 1679 700 fibi
1693 671 1722 701 in
1737 670 1857 703 Christo
1873 674 1963 703 Priori
1977 672 2015 708 &
2032 676 2187 704 Conventus·
2200 676 2356 716 Monasterii
2369 679 2400 708 de
2416 676 2492 735 Am}
2513 677 2541 707 D

1340 778 1357 796 Γ
1376 741 1421 773 Ex
1440 717 1519 783 tia'rte
1531 732 1636 787 'vestra'
1648 746 1747 778 Nobis
1771 748 1812 779 est
1828 750 1971 781 humiliter
1985 750 2186 789 Supplicatum
2203 760 2233 782 ut
2249 761 2318 782 cum
2332 753 2399 791 Epi-
2417 724 2471 781 A?
2481 726 2531 790 ³24).-

1340 788 1469 825 2c0patus
1490 782 1623 822 Elienfis,
1640 794 1689 821 per
1706 786 1837 818 Mortem
1852 790 1938 819 bonae
1952 788 2108 820 Memoriae
2123 789 2250 819 Nzcholai
2265 790 2345 828 PVest.
2360 793 2398 821 ul-
2417 797 2449 819 H.
2466 793 2493 819 S.

1342 825 1405 863 timi
1428 821 1548 860 Epifiopi
1566 821 1678 861 ibidem,
1698 823 1816 856 Pastoris
1832 827 1864 857 sit
1877 827 1974 858 solatio
1990 828 2152 865 destitutus,
2171 829 2257 859 alium
2274 830 2356 858 vobis
2371 831 2399 859 in
2416 833 2473 858 Par.
2490 840 2533 864 25.

1342 855 1516 926 Elplirscopum
1537 860 1571 892 ὃ(
1590 860 1741 893 Pastorem
1763 863 1922 895 Licentiam
1947 866 2070 905 eligendi
2094 867 2255 898 concedere
2273 867 2401 906 dignare·
2419 872 2452 893 H.
2474 868 2501 893 8·

1355 975 1360 979 ῃ
1379 922 1445 967 Nos
1462 937 1601 968 Precibus
1619 937 1718 969 vestris
1741 941 1770 970 in
1790 940 1842 971 hac
1862 949 1939 981 parte
1955 942 2140 975 favorabiliter
2156 944 2281 975 inclinati
2301 944 2404 975 Licen—
2422 913 2518 980 2¹32·

1339 981 1410 1018 tiam
1433 975 1509 1006 illam
1529 977 1659 1008 duximus
1679 979 1911 1018 concedendam,
1930 980 2099 1012 Mandantes
2119 983 2199 1021 quod
2220 983 2304 1013 talem
2320 984 2403 1013 vobis

1341 1012 1445 1051 eligatis
1460 1015 1488 1044 in
1501 1014 1676 1054 Episcopum
1692 1018 1724 1048 &
1741 1017 1886 1049 Pastorem
1900 1019 1949 1056 qui
1963 1019 2030 1050 Deo
2044 1020 2190 1059 Devoms,
2208 1021 2341 1052 Ecclesiae
2355 1032 2405 1051 ve-

1340 1050 1411 1120 strsst
1428 1053 1629 1093 Neceffarius,
1658 1056 1809 1096 Nobisque
1828 1058 1862 1089 &
1885 1057 1994 1096 Regno
2016 1057 2115 1089 nostro
2137 1059 2227 1090 Utilis
2248 1061 2281 1091 &
2304 1060 2405 1091 Fidelis

1342 1099 1530 1169 eXIInatcujus,
1547 1132 1606 1163 &c.

1378 1206 1467 1239 Teste
1481 1207 1565 1248 Rege
1579 1209 1653 1249 apud
1666 1210 1929 1250 Westmonasterium
1938 1235 1948 1251 ,
1967 1211 2045 1244 sexto
2061 1213 2120 1244 Die
2135 1212 2246 1245 Martii.

1997 1292 2051 1320 Per
2067 1289 2150 1330 ipst'cm
2167 1294 2272 1330 Regem.

1339 1413 1397 1444 Pro
1425 1413 1558 1447 Rolana'a
1585 1417 1726 1448 Coventr.
1750 1418 1787 1453 ὠ
1806 1413 1893 1448 Lich.
1913 1415 2071 1462 Epiftopo‚
2099 1415 2136 1449 de
2152 1417 2276 1463 Affenfh
2299 1418 2400 1464 Regio.

1337 1496 1460 1552 REX
1481 1496 1727 1530 Reverendiffimo
1749 1500 1778 1530 in
1792 1499 1910 1531 Christo
1931 1501 2006 1531 Patri
2020 1503 2051 1531 Τ,
2066 1502 2257 1543 Cantuarienfi
2276 1502 2402 1541 Episcopo
2419 1504 2495 1536 Arm,
2514 1504 2542 1535 D

1338 1578 1349 1602 t
1409 1537 1494 1567 totius
1522 1537 1634 1577 Angliae
1658 1537 1775 1570 Primati
1797 1540 1831 1571 ὃς
1848 1539 2036 1578 [Apostolicae
2061 1540 2140 1571 Sedis
2163 1541 2296 1579 Legato,
2320 1543 2399 1572 Salu-
2418 1550 2527 1582 {1534-

1350 1581 1407 1603 em.
2420 1587 2474 1611 An.
2493 1593 2538 1609 ι’.

1375 1610 1455 1642 Cum
1479 1611 1591 1644 Diiecii
1612 1615 1712 1646 Nobis
1735 1617 1765 1646 in
1787 1615 1905 1647 Christo
1924 1616 2038 1646 Thomas
2055 1616 2170 1656 imfhrd
2183 1618 2261 1646 Prior
2276 1617 2398 1659 Eccofiae
2421 1627 2455 1649 H.
2472 1598 2521 1649 ss

1338 1649 1509 1680 Cathedralis
1530 1651 1569 1686 ὠ·
1588 1653 1726 1690 Regularix
1747 1657 1916 1692 Coventriae,
1933 1655 1966 1685 &
1991 1655 2113 1693 ejusdem
2132 1656 2203 1685 Loci
2217 1657 2400 1687 commonachi
2420 1664 2478 1687 Pat.
2500 1669 2513 1685 2
2517 1669 2542 1695 5.

1330 1686 1395 1727 five
1410 1692 1567 1719 Conventus
1576 1713 1585 1728 ‚
1604 1701 1636 1721 ac
1651 1692 1780 1721 Ricardus
1795 1692 1919 1730 Sampfim
1934 1697 2060 1723 Decanus
2073 1693 2208 1724 Ecclefiae
2228 1693 2403 1725 Cathedralis
2421 1703 2454 1726 H.
2470 1698 2497 1726 8.

1340 1725 1507 1757 Lichfeldiae
1529 1729 1562 1759 &
1580 1729 1702 1765 ejusdem
1726 1729 1859 1760 Ecclesiae
1878 1734 2005 1760 Canonici
2013 1731 2076 1771 five
2098 1731 2266 1769 Capitulum,
2284 1733 2319 1762 ad
2337 1732 2401 1763 Ele-
2423 1743 2449 1773 p.
2464 1746 2489 1763 2.

1341 1763 1470 1795 &ionem
1487 1765 1571 1795 futuri
1583 1766 1718 1805 Episcopi
1735 1768 1769 1798 ὃς
1786 1768 1924 1806 Pastoris,
1942 1768 2007 1808 post
2026 1769 2186 1800 Licentiam
2202 1779 2217 1799 a
2240 1769 2338 1800 Nobis
2353 1780 2402 1810 pe·
2419 1784 2455 1803 m.
2472 1783 2515 1810 32.

1341 1802 1423 1834 titam
1437 1805 1535 1842 pariter
1547 1804 1580 1835 ὃς
1593 1806 1760 1843 obtentam,
1776 1806 1855 1844 juxra
1870 1805 1946 1844 Juris
1961 1807 1995 1837 &
2009 1806 2251 1847 Compositionis,
2268 1809 2342 1839 inter
2359 1810 2402 1840 di—

1342 1841 1400 1872 ctas
1418 1842 1555 1873 Ecclesias
1576 1844 1628 1874 rite
1650 1843 1790 1881 legittime
1810 1845 1843 1875 &
1867 1845 2044 1878 Austoritate
2066 1846 2216 1876 sufficienti
2234 1847 2271 1877 ab
2285 1849 2403 1886 antiquo

1341 1879 1426 1911 faetae
1449 1881 1599 1912 celebratae
1621 1883 1654 1914 &
1675 1883 1872 1914 inviolabiliter
1893 1884 2068 1921 observatae,
2084 1885 2269 1924 exigentiam,
2289 1896 2404 1917 necnon

1340 1918 1588 1951 Consuetudinem
1614 1922 1643 1950 in
1665 1921 1748 1952 dietis
1767 1921 1900 1953 Ecclefiis
1917 1921 2130 1954 Cathedralibus
2151 1923 2285 1954 hactenus
2299 1926 2401 1956 incon-

1341 1957 1418 1988 cusse
1435 1958 1560 1989 usitatam
1575 1961 1608 1991 &
1621 1959 1813 2000 observatam,
1833 1961 1977 1991 Termino
1992 1962 2024 1991 ὃ(
2041 1961 2128 1992 Loco
2145 1962 2173 1991 in
2188 1971 2218 1991 ea
2232 1970 2307 1999 parte
2322 1963 2403 1994 debi-

1341 1999 1371 2028 te
1392 1996 1511 2035 praefixis
1535 1998 1569 2028 &
1587 1997 1713 2028 limitatis
1736 1998 1874 2037 legittime
1898 1999 2103 2038 procedentes,
2129 2001 2250 2038 prrzfatIs
2268 2001 2402 2032 Ecclefiis

1341 2035 1572 2072 cathedralibus,
1590 2045 1640 2073 per
1663 2035 1796 2067 Mortem
1816 2037 1910 2067 ultimi
1933 2037 2050 2077 ipsarum
2069 2038 2257 2069 Ecclesiarum
2273 2039 2403 2079 Episcopi

1339 2074 1518 2105 vacantibus:
1540 2073 1740 2105 Venerabilem
1762 2077 1796 2107 ὃς
1817 2075 1974 2114 Egregium
1996 2075 2100 2107 Virum
2113 2077 2284 2116 Magistrum
2300 2079 2402 2109 Rolan-

1339 2113 1400 2143 dum
1415 2115 1471 2143 Lee
1486 2112 1678 2143 Decretorum
1694 2113 1860 2144 Dostorem
1875 2114 1962 2145 dietae
1981 2114 2113 2146 Ecclefiae
2127 2115 2298 2147 Cathedralis
2313 2117 2401 2149 Lich—

1338 2152 1465 2182 feldensis
1489 2150 1674 2183 Canonicum
1695 2153 1728 2183 &
1743 2152 1990 2191 Praebendarium,
2009 2154 2038 2184 in
2055 2154 2166 2185 Ordine
2181 2154 2350 2186 Sacerdotali
2367 2157 2402 2187 &

1340 2189 1440 2221 AEtate
1465 2190 1600 2229 legittima
1623 2190 1830 2228 constitutum,
1849 2190 1955 2222 Virum
1974 2193 2071 2230 utique
2095 2194 2231 2224 eminenti
2257 2194 2402 2226 Doctrina

1338 2229 1507 2268 praeditum,
1530 2230 1559 2259 in
1581 2229 1774 2267 Spiritualibus
1799 2231 1833 2260 &
1855 2230 2074 2269 Temporalibus
2094 2232 2249 2268 plurimum
2272 2234 2402 2263 circum-

1337 2267 1466 2306 spe&um
1486 2268 1639 2307 providum
1665 2269 1698 2298 &
1718 2268 1888 2306 discretum,
1908 2267 1977 2299 Deo
1999 2268 2157 2308 devotum,
2174 2270 2275 2301 Nobis
2295 2273 2327 2302 &
2342 2271 2399 2302 Ec-

1337 2306 1424 2337 cleiiis
1452 2306 1594 2346 praediffls
1616 2306 1715 2337 utilem
1737 2308 1770 2338 &
1793 2306 1978 2337 necessarium
1994 2329 2003 2345 ‚
2025 2317 2073 2346 per
2096 2309 2173 2340 viam
2193 2309 2249 2339 sive
2271 2310 2399 2341 formam

1338 2344 1548 2384 Compromissi
1561 2345 1597 2377 de
1612 2343 1742 2375 Licentia
1757 2344 1852 2376 nostra
1867 2345 2019 2383 praedffita,
2036 2348 2065 2376 in
2081 2347 2205 2386 ipsorum
2223 2347 2399 2387 Episcopum

1336 2384 1468 2422 elegerint
1493 2385 1526 2415 &
1549 2384 1577 2413 in
1602 2382 1751 2413 Pastorem
1776 2384 1964 2422 providerint,
1983 2394 2069 2422 prout
2082 2395 2130 2423 per
2147 2385 2255 2416 Literas
2269 2386 2399 2417 Patentes

1336 2422 1441 2459 Sigillis
1453 2422 1600 2453 dictorum
1614 2421 1812 2459 Capitulorum
1826 2422 1948 2462 sigillatas
1961 2423 1994 2454 &
2007 2433 2105 2454 coram
2120 2424 2220 2455 Nobis
2232 2426 2261 2455 in
2276 2425 2400 2457 Cancel-

1336 2461 1399 2491 laria
1412 2461 1506 2491 nostra
1525 2469 1700 2491 remanentes
1710 2484 1720 2499 ‚

1375 2498 1459 2537 Nos,
1477 2497 1603 2528 Eledi‘um
1615 2499 1774 2537 praedic‘lum
1794 2499 1827 2529 δε
1848 2498 1931 2536 ipsius
1952 2499 2106 2531 Personam
2125 2501 2331 2541 Acceptantes,
2346 2503 2398 2534 eis-

1336 2538 1410 2606 den}¹
1424 2537 1566 2568 Elestioni
1586 2538 1620 2569 δε
1639 2536 1740 2568 Electo
1763 2537 1890 2576 Regium
1907 2537 2061 2569 Assensum
2075 2539 2204 2571 nostrum
2219 2541 2399 2572 adhibuimus

1335 2578 1369 2608 ὃ(
1410 2585 1541 2608 avorem·

1372 2614 1410 2645 Et
1426 2615 1483 2645 hoc
1499 2599 1582 2645 vo’bis
1595 2614 1714 2645 Tenore
1729 2614 1912 2645 Praesentium
1927 2614 2113 2653 fignificamus
2124 2639 2134 2654 ,
2154 2625 2186 2648 ut
2203 2618 2285 2656 quod
2294 2618 2328 2650 ad
2344 2629 2396 2651 vos

1333 2655 1456 2694 pertinet
1469 2653 1497 2683 in
1510 2652 1563 2683 hac
1579 2660 1655 2690 parte
1669 2653 1781 2685 ulterius
1794 2654 1971 2693 exequamini
1984 2663 2054 2685 cum
2066 2655 2091 2685 F
2091 2665 2187 2687 avore.

1370 2692 1405 2723 In
1426 2691 1522 2730 cujus,
1541 2692 1602 2724 &c.

1367 2768 1455 2801 Teste
1471 2768 1555 2807 Rege
1569 2767 1642 2807 apud
1661 2768 1938 2809 Wstmonasterium,
1952 2769 2069 2802 decimo
2086 2781 2167 2802 nono
2184 2771 2244 2803 Die
2262 2771 2370 2805 Martii.

1984 2849 2039 2877 Per
2053 2848 2134 2887 ipsum
2151 2851 2258 2887 Regem.

1536 2979 1558 3001 *
1579 2983 1630 3014 De
1655 2977 1792 3023 Custodia
1815 2980 2006 3027 Epifiopatm
2028 2979 2172 3027 Elyezfis‚
2411 2995 2430 3014 ο
2443 2996 2519 3027 xlv.

1329 3065 1415 3121 RE
1427 3065 1457 3096 X
1475 3066 1609 3096 omnibus
1623 3064 1658 3097 ad
1674 3075 1761 3103 quos,
1779 3066 1842 3097 &c.
1864 3065 1998 3096 Salutem.
2406 3034 2482 3101 2522.
2495 3071 2534 3102 D.

1425 3105 1524 3135 Sciatis
1536 3103 1615 3142 quod
1632 3105 1715 3135 certis
1728 3103 2007 3134 Considerationibus
2015 3104 2085 3135 Nos
2095 3105 2250 3142 specialiter
2265 3116 2386 3138 moven-
2426 3119 2511 3149 1534.

1326 3141 1419 3180 tibus,
1437 3143 1474 3173 de
1488 3142 1588 3173 Gratia
1603 3141 1699 3173 nostra
1710 3142 1820 3181 speciali
1833 3152 1865 3173 ac
1878 3152 1912 3173 ex
1930 3142 2007 3173 certa
2022 3142 2148 3174 Scientii
2167 3145 2200 3175 &
2217 3155 2296 3175 mero
2314 3146 2385 3175 Mo·
2399 3153 2452 3176 An.
2475 3159 2518 3185 ²5·

1325 3188 1356 3210 tu
1370 3180 1471 3211 nostris
1485 3180 1687 3212 Conceffimus
1697 3203 1706 3218 ,
1721 3190 1755 3211 ac
1764 3191 1811 3218 per
1821 3180 1971 3212 praesentes
1985 3180 2182 3213 Concedimus
2192 3183 2307 3214 Dilecto
2317 3184 2384 3214 No·
2401 3192 2436 3214 H.
2453 3187 2479 3215 8.

1326 3220 1369 3249 bis
1383 3219 1489 3250 Thomae
1502 3219 1645 3249 Goodricke
1662 3218 1817 3256 Capellano
1832 3218 1931 3249 nostro
1953 3219 2125 3251 Custodiam
2142 3223 2274 3259 omnium
2294 3223 2384 3252 Tem·
2432 3226 2497 3254 ibid.

1326 3258 1468 3295 poraliutn
1486 3257 1671 3297 Episcopatus
1686 3257 1801 3288 Eliensis
1824 3267 1894 3289 cum
1912 3258 2105 3296 Pertinentiis‚
2123 3269 2155 3289 ac
2175 3261 2271 3289 omnia
2288 3259 2386 3291 Exitus
2401 3273 2438 3291 m.
2455 3273 2481 3290 z.

1327 3298 1361 3328 &
1380 3297 1509 3328 Proficua
1525 3297 1710 3335 eorumdem,
1728 3306 1845 3327 necnon
1862 3297 2052 3335 quascumque
2072 3297 2222 3327 Portiones
2236 3298 2387 3330 Penliones

1327 3345 1361 3366 ac
1376 3337 1472 3366 omnia
1490 3337 1522 3367 ὃς
1539 3336 1643 3374 singula
1658 3335 1708 3366 alia
1722 3345 1787 3373 quae
1809 3335 1843 3365 ad
1866 3335 1950 3373 Nos,
1970 3345 2017 3371 per
2041 3335 2189 3372 Mortem,
2207 3335 2295 3365 Bonae
2317 3336 2387 3367 Me-

1328 3375 1430 3404 moriae
1441 3396 1450 3412 ,
1468 3374 1598 3404 Nicholai
1613 3373 1685 3412 Wst
1701 3373 1790 3404 ultimi
1808 3374 1928 3414 Episcopi
1950 3373 2123 3411 Epifiopatzis
2139 3373 2265 3416 praedicii
2284 3375 2317 3405 ὃς
2342 3386 2386 3406 ra-

1329 3413 1410 3444 tione
1430 3412 1596 3444 Vacationis
1617 3412 1736 3450 ejusdem
1755 3411 1938 3450 Episcopatus
1960 3412 2054 3449 aliquo
2073 3411 2163 3441 modo
2183 3420 2325 3448 pertinent
2341 3414 2386 3446 seu

1328 3453 1465 3489 pertinere
1502 3459 1615 3482 oterunt
1629 3459 1675 3481 aut
1695 3451 1798 3482 debent
1811 3452 1839 3480 in
1856 3451 1998 3486 futurum,

1365 3489 1470 3520 Haben
1491 3499 1537 3519 am
1553 3490 1586 3520 &
1600 3489 1774 3520 Tenendam
1796 3488 1945 3557 &stodiam
1963 3488 2123 3525 praea'ic‘Zam
2143 3488 2260 3525 praefato
2281 3489 2386 3520 Thomae

1328 3529 1471 3558 Goodricke
1493 3528 1701 3559 Executoribus
1721 3529 1754 3559 &
1781 3528 1805 3557 A
1831 3528 1928 3566 ignatis
1947 3526 2018 3564 suis,
2036 3537 2089 3556 una
2111 3535 2180 3555 cum
2204 3526 2333 3559 Exitibus
2351 3532 2385 3559 δε

1328 3567 1469 3597 Proficuis
1484 3567 1639 3605 praedietis,
1656 3576 1672 3596 a
1694 3565 1778 3596 Festo
1801 3566 1899 3596 Sancti
1920 3564 2068 3595 Michaelis
2089 3563 2260 3604 Archangeli
2279 3567 2386 3598 ultimo

1328 3607 1471 3643 praeterito
1494 3604 1628 3643 quamdiu
1650 3603 1833 3641 Temporalia
1858 3603 1990 3640 praedieta
2009 3604 2045 3646 ¹&
2067 3611 2169 3645 caetera
2196 3604 2340 3636 Praemilla
2355 3608 2384 3636 in

1328 3644 1466 3675 Manibus
1484 3643 1584 3673 nostris
1597 3652 1739 3673 remanere
1751 3651 1797 3673 aut
1810 3642 1924 3673 existere
1937 3648 2124 3679 contigerint,
2144 3642 2199 3671 uria
2218 3652 2286 3672 cum
2309 3644 2384 3674 Feo-

1326 3683 1368 3713 dis
1384 3682 1532 3719 Militum,
1550 3681 1672 3712 Escaetis
1684 3680 1843 3711 Terrarum
1865 3682 1897 3711 &
1913 3679 2163 3709 Teiiementorum
2180 3691 2213 3710 ac
2238 3681 2386 3712 Bonorum

1326 3723 1360 3753 &
1377 3720 1554 3752 Catallorum
1568 3729 1835 3757 quorumcumque,
1854 3727 1968 3748 necnon
1984 3716 2228 3748 Advocationibus
2249 3718 2387 3751 Ecclesia-

1326 3770 1408 3798 rum,
1427 3759 1628 3795 Abbatiarum,
1647 3757 1844 3793 Prioratuum,
1863 3755 2052 3786 Ecclesiarum
2067 3755 2305 3796 Collegiatarum‚
2321 3758 2386 3789 De-

1328 3807 1498 3835 canatuum,
1523 3795 1789 3833 Praepositurarum‚
1805 3793 1982 3832 Capellarum
1998 3816 2008 3831 ,
2032 3793 2228 3825 Cantariarum
2246 3819 2256 3833 ,
2282 3797 2387 3828 Archi-

1328 3837 1546 3872 diaconatuum,
1564 3832 1827 3864 Praebendariarum
1839 3856 1847 3871 ,
1865 3831 2054 3869 Hospitalium
2065 3856 2073 3869 ,
2084 3833 2123 3875 ⁴&
2139 3835 2260 3864 aliorum
2277 3834 2387 3866 Benefi-

1329 3876 1440 3906 ciorum
1462 3871 1722 3904 Ecclefiasticorum
1747 3879 2015 3909 quorumcumque,
2039 3872 2143 3908 abique
2167 3871 2322 3910 Compoto
2341 3875 2387 3906 seu

1327 3915 1423 3952 aliquo
1438 3912 1492 3943 alio
1506 3910 1604 3941 Nobis
1618 3909 1663 3939 vel
1682 3908 1853 3939 Haeredibus
1869 3908 1971 3938 nostris
1993 3919 2044 3946 pro
2063 3909 2214 3941 Praemiffis
2230 3911 2275 3942 vel
2291 3913 2389 3951 aliquo

1329 3951 1546 3982 Praemisiorum
1562 3946 1705 3978 reddendo
1719 3956 1764 3977 aut
1779 3947 1934 3982 solvendo,

1368 3990 1406 4020 Et
1420 3989 1532 4019 ulterius
1547 3985 1748 4017 Conceffimus
1763 3985 1881 4023 praefato
1895 3985 2002 4016 Thomae
2015 3986 2160 4016 Goodricke
2181 3987 2312 4025 plenarias
2333 3991 2392 4022 Po„

1328 4027 1457 4061 testatem
1472 4027 1505 4059 ὃς
1521 4025 1749 4062 Auctoritatem,
1767 4023 1884 4055 Tenore
1900 4024 2106 4063 Praesentiuni,
2125 4028 2227 4057 omnia
2244 4028 2276 4059 ὅς
2288 4029 2389 4095 iikngula

2314 4069 2401 4105 iniust
