2542 4274
10 178 87 212 Ann.
102 176 145 208 D.

11 226 116 286 223³}

30 2223 50 2246 0
61 2223 145 2255 XIV.

33 2274 99 2300 ⁴7²·

167 97 247 136 186

165 190 198 211 ro
217 181 250 212 ὃς
267 177 405 216 legittimo
418 175 491 203 inter
507 171 638 211 praefatos
654 170 872 202 Illustrisfimum
885 171 919 201 &
933 164 1166 199 Potentiffimum
1174 165 1230 207 Rq-

161 230 221 257 gem
235 219 380 247 Henricum
394 213 535 242 ociavum
549 222 582 243 ac
599 210 812 243 Sereniffimam
827 209 993 240 Dominam
1010 208 1138 247 Annam·
1147 204 1227 244 Rogi-

166 268 230 288 nam
243 252 402 285 Contra&
418 252 451 282 &
468 250 671 289 Solemnisato,
691 249 805 280 Viribus
818 249 851 279 ὃ(
868 247 972 277 Valore
987 254 1020 275 ac
1035 243 1224 286 Legit-timna-

166 304 194 325 te
208 293 331 332 ejusdem
349 293 543 328 Decernimus,
569 291 777 320 Pronunciamus
790 310 800 325 ,
825 285 870 328 &⁴
885 283 1064 314 Declaramus
1076 303 1087 319 ,
1112 277 1227 327 'Pfhstue

166 329 368 371 Illustrifflmum
384 327 422 364 ό
437 328 649 368 Potentiffimum
665 330 761 365 Regem
777 325 943 356 Henricum
967 321 1116 365 octavum
1131 328 1163 346 ac
1179 322 1226 345 ac-

165 369 325 409 renisstmam
339 368 502 399 Dominam
518 367 634 397 Annam
649 366 792 404 Reginam
806 371 872 392 vero
886 369 953 399 puro
966 359 1005 394 &
1018 357 1149 395 legittimo
1158 357 1226 401 Ma-

165 411 291 439 trimom'o
305 406 457 445 conjunctius
470 405 509 442 ό·
523 405 654 444 copulatos
661 403 743 443 fiaeiffl»
764 401 803 437 ὀ·
818 399 866 439 effe
882 423 892 437 ,
919 408 1058 442 eorumque
1078 397 1228 438 Matrinio-

165 451 238 478 nium
253 446 420 476 antedic'lum
450 444 561 476 ublicum
578 444 616 480 ώ-
631 441 801 482 manifl‘stum
814 436 932 476 extitiffiz
954 434 992 471 &¹
1013 433 1124 480 exfiere
1145 439 1228 477 etiam

165 485 358 516 Decernimus
372 482 411 519 (ῤ’
457 484 631 519 eclaramus,
657 491 756 511 necnon
778 487 866 507 eorum
888 478 1068 505 Matrimomo
1090 470 1228 502 antediaei‘o

165 524 258 555 Robur
272 522 310 559 ὁ·
326 525 471 553 Munimen
484 522 578 562 nostrae
594 519 781 551 Audloritatis
796 514 941 556 Pastoralr'r
954 512 992 549 ᾤ’
1007 509 1155 551 Judicialis
1171 508 1230 539 Ad-

165 563 286 603 jicimus
299 560 337 597 &
353 560 536 600 Impartimur
571 571 599 590 er
623 559 693 588 hanc
711 554 828 594 nostram
849 553 1018 584 Sententiam
1039 550 1096 589 five
1119 548 1165 578 hoc
1185 557 1233 593 no-

166 601 251 640 strum
264 604 427 638 Decretum,
444 611 524 641 quam
531 569 594 640 five
610 596 681 638 quod
697 595 826 625 Ferimus
839 592 878 628 &⁴
894 591 1116 629 Promulgamus
1133 590 1162 616 in
1182 585 1233 614 hiis

187 651 224 670 cri
243 643 288 669 t'r.

166 644 186 671 S
208 648 242 709 lii
256 652 337 716 'cujus
351 678 389 707 rei
403 674 624 707 Testimonium
637 670 783 711 praesentes
797 670 907 700 Literas
923 667 1031 700 nostras
1038 662 1233 705 Testimonia-

170 717 211 749 les
224 717 325 747 exinde
341 715 416 754 fieri,
433 725 465 745 ac
482 723 530 750 per
543 712 703 742 Notarium
726 708 884 739 Publicum
909 707 1094 743 subscriptum
1116 704 1149 734 ὅ(
1163 702 1234 745 ¹iub-

171 755 301 786 scribi&
318 755 431 792 signari,
450 751 597 789 nostrique
612 749 699 788 Sigilli
722 747 891 786 appensione
911 746 1036 785 jussimus
1061 744 1094 775 ὃς
1114 741 1235 772 fecimus

172 794 365 831 communiri,
788 825 793 830 .

496 826 683 860 Praesentibus
700 832 769 856 tunc
786 823 912 861 ibidem,

209 908 341 941 Providis
354 908 387 939 δε
402 904 627 944 Circumspeffls
646 903 720 934 Viris
730 925 741 941 ,

210 947 355 986 Magistro
368 945 470 975 Thoma
485 942 634 974 Crumwell
651 942 799 980 Armigero
807 962 819 979 ‚

209 987 312 1018 :rhama
327 984 405 1021 Legh
422 983 535 1023 Legum
553 981 705 1019 Doctore,

208 1025 319 1055 Yhoma
336 1022 463 1060 Aluerd,

209 1063 342 1102 Johanne
360 1060 514 1098 Gooderick,

210 1102 249 1132 Et
267 1103 384 1131 Henrico
401 1096 564 1135 Stockheth,
583 1094 767 1136 Generosis„
798 1131 803 1136 ι
997 1129 1002 1135 ,

211 1140 350 1171 Testibus
368 1138 402 1168 ad
419 1135 563 1168 Praemiffa
575 1135 684 1167 vocatis
697 1130 848 1172 specialiter
863 1129 897 1161 &
911 1137 1026 1168 rogatis.

211 1218 254 1247 Et
268 1227 312 1254 ego
325 1214 460 1245 Thomas
475 1213 570 1252 Argall
582 1212 624 1241 W
623 1209 778 1251 intonienfis
790 1207 913 1248 Dioecesi's
926 1206 1051 1237 Publicus
1066 1204 1233 1235 AuHorita-

175 1263 203 1287 te
221 1253 375 1293 Apostolicd
391 1254 543 1288 Notarius,
560 1254 623 1291 quia
637 1249 719 1278 dielae
731 1250 877 1279 Sententiae
884 1246 945 1288 fitz),⁷
967 1247 1080 1275 Decreti
1097 1242 1235 1272 Prolatio-

175 1297 205 1324 ni
220 1292 257 1328 ὠ·
273 1291 483 1328 Promulgationi
499 1288 649 1328 caeterisque
664 1286 807 1326 Praemiffis
825 1286 942 1316 omnibus
964 1282 1002 1318 ὦ·
1019 1281 1130 1324 singulis
1145 1304 1154 1320 ,
1170 1281 1234 1310 diam

167 1332 209 1371 fic
220 1339 252 1361 ut
259 1333 439 1368 praemittitur
445 1327 500 1368 fi‘b
514 1330 600 1357 Anno
615 1329 744 1364 Domini,
761 1325 927 1361 Indiclione,
946 1321 1130 1363 Pontificatu,
1150 1322 1233 1349 Men-

167 1370 216 1409 fi,
236 1372 304 1405 Die,
323 1367 361 1403 ό·
377 1370 446 1396 Loco
456 1366 609 1404 praedielis,
630 1373 679 1404 per
703 1371 878 1393 memoratum
901 1359 1155 1398 Reverendiffimum
1176 1361 1234 1387 Pa·

173 1415 244 1437 trem
259 1410 404 1436 Dominum
416 1405 564 1435 Thomam
574 1427 583 1442 ,
601 1402 768 1442 Permiffione
783 1400 893 1432 Divina
903 1423 913 1439 ,
930 1398 1159 1430 Cantuariensem
1179 1397 1235 1427 Ar-

173 1444 386 1485 chiepiscopurn
407 1445 493 1474 totius
508 1443 620 1482 Angliae
634 1442 792 1472 Primatem
805 1442 838 1472 &
855 1439 1034 1478 Apostolicae
1048 1437 1129 1468 Sedis
1144 1436 1234 1474 Lega-

175 1492 257 1523 tum,
274 1481 312 1518 &⁴
329 1493 418 1513 coram
430 1493 459 1512 eo
474 1482 623 1520 agebantur
637 1479 675 1516 εἶφ’
682 1480 812 1522 fiebant,
829 1477 884 1508 und
905 1489 961 1507 cum
982 1477 1098 1518 Testibus
1114 1474 1236 1515 ficperiiis

175 1526 321 1553 nominatis
335 1519 450 1560 praefi’ns
461 1519 638 1560 personaliter
654 1520 785 1559 interfui,
811 1528 892 1559 eaque
916 1520 1004 1546 omnia
1026 1515 1064 1551 ὠ·
1081 1513 1184 1554 fingula
1196 1513 1236 1554 fic

197 1565 236 1591 eri
250 1561 310 1591 vidi
325 1560 363 1595 ὠ
380 1560 497 1597 audivi,
515 1558 573 1588 ideo
583 1556 727 1597 prat-sentes
735 1560 848 1587 Literas
869 1555 1062 1594 Testimoniales
1077 1556 1167 1583 Manu
1177 1563 1236 1582 mea

170 1600 282 1640 proprii
288 1598 414 1641 fideliter
427 1598 585 1637 conscriptas
615 1596 753 1637 ubfiripfi,
771 1595 809 1631 &
828 1603 876 1632 pro
894 1597 980 1623 Parte
1001 1605 1060 1623 mea
1076 1591 1238 1631 publicavi,

175 1641 254 1675 Signo
274 1650 305 1667 ue
318 1637 356 1672 ό·
374 1639 486 1666 Nomine
501 1640 563 1665 meis
592 1634 664 1664 olitis
677 1635 715 1670 ὠ·
732 1634 875 1672 confictis,
892 1632 948 1662 und
964 1643 1020 1661 cum
1034 1629 1185 1670 appenfione
1193 1632 1235 1658 Si-

172 1677 232 1715 gilli·
266 1677 312 1705 iffi
331 1674 565 1706 Reverendiffimi
582 1672 790 1750 Patrislfignavi
807 1674 967 1701 communivi
981 1674 1010 1700 in
1030 1667 1174 1704 Fidem&
1189 1670 1241 1697 Te-

174 1715 324 1755 [limonium
339 1713 533 1752 Praemifforum
546 1718 652 1749 rogatus
673 1710 812 1749 perialiter
822 1709 969 1749 requifitus.

217 1793 297 1829 Quae
317 1792 416 1821 omnia
441 1791 474 1822 &
494 1788 600 1827 singula
627 1787 774 1819 Praemissa
795 1786 864 1817 Nos
885 1786 999 1830 Thomas
1022 1783 1241 1829 Archiopisiopus

180 1833 289 1864 Primos
303 1828 340 1864 ό
361 1832 482 1872 Legatos
498 1828 667 1869 antedic‘lur,
685 1837 734 1864 per
748 1826 837 1857 Breve
854 1825 980 1868 Regium
995 1824 1180 1855 Praesentibus
1192 1833 1243 1853 an-

182 1879 289 1901 nexum
302 1869 466 1911 requisitus,
483 1869 572 1910 Regiae
586 1868 640 1896 Ma
653 1865 732 1909 estqti
748 1863 904 1895 secundum
920 1874 981 1893 vim
992 1863 1123 1906 ¹formam
1147 1862 1187 1903 ὅτ..
1201 1861 1243 1890 ef-

182 1905 627 1979 ἓξὲξὲἷιῗὲῗᾝέἑῗάὲὶἳὶἒῖἒέ
636 1901 1240 1981 ἙέἑὲέᾝᾶῗῐὲἓῖἷίἓὲἀέἓἙοῖἓὲῗιεῖ“Κ”

219 2023 289 2054 Dat.
311 2020 406 2060 quoad
429 2019 637 2063 Sigillarionem
660 2017 847 2062 Praesentium
863 2040 873 2056 ,
897 2018 926 2047 in
947 2019 1076 2061 Manfrio
1100 2014 1187 2056 nostro
1209 2015 1242 2044 de

181 2060 320 2093 Lamhith
348 2060 462 2098 Quarto
482 2058 548 2102 ‘Die
577 2057 685 2087 Mensis
700 2057 779 2096 Junii
792 2081 802 2097 ,
827 2057 915 2087 Anno
935 2055 1063 2086 Domini
1085 2053 1245 2098 *Millesimo

181 2099 421 2170 ἕξιὲξιῐῗὲξιὲῦῐηο
434 2096 597 2128 Tricesimo
608 2096 731 2135 Tertio,
749 2097 783 2129 &
801 2096 906 2126 nostrae
920 2093 1156 2125 Consecrationis
1180 2093 1244 2123 An-

195 2211 214 2230 *
225 2214 293 2246 Nos
306 2221 401 2245 autem
414 2213 549 2244 Tenores
565 2212 660 2244 Brevis
673 2211 799 2243 Retorni
814 2212 848 2244 ὃ(
860 2210 1110 2242 Certificationum
1125 2209 1244 2241 Senten-

188 2256 288 2286 tiarum
304 2251 518 2292 praedi&arum,
535 2261 650 2282 necnon
665 2251 915 2289 Subscriptionum
931 2250 1125 2281 Notariorum
1145 2249 1249 2287 praedi-

184 2293 302 2325 &orum
317 2291 447 2322 duximus
462 2289 720 2328 Exemplificandos
735 2300 784 2327 per
800 2289 960 2320 Praesentes.

221 2330 256 2361 In
270 2330 350 2369 cujus
365 2330 405 2361 rei
419 2328 638 2360 Testimonium
652 2329 701 2359 has
717 2328 826 2359 Literas
846 2327 955 2359 nostras
976 2326 1035 2358 fieri
1058 2325 1178 2357 fecimus
1193 2324 1243 2355 Pa-

183 2377 283 2402 tentes.

222 2445 312 2477 Teste
325 2444 434 2483 meipso
454 2443 529 2483 apud
554 2442 824 2482 westmonasterium,
847 2441 934 2472 Sexto
959 2441 1019 2472 Die
1035 2440 1134 2479 Junii,
1160 2439 1251 2470 Anno

186 2484 284 2524 Regni
296 2483 384 2515 nostri
400 2483 535 2514 viceiitno
550 2483 663 2521 quinto.

191 2608 388 2643 Praelatorum
409 2610 445 2646 (ῤ’
464 2607 543 2640 Cleri
562 2605 598 2639 de
617 2608 779 2639 Provincia
799 2603 932 2638 Eborum
952 2608 984 2636 in
1014 2606 1248 2647 convocatione,

251 2657 343 2704 fhper
362 2653 493 2690 Duabus
509 2653 726 2703 Qaestionibus
751 2652 985 2698 Instrumemum
1010 2651 1182 2687 Publicum.

38 2764 116 2796 'mn'
130 2763 174 2795 D·
192 2745 389 2816 UNiversis
403 2747 436 2778 &
452 2744 562 2784 singulis
576 2744 687 2776 Sandlae
701 2744 803 2775 Matris
814 2743 949 2774 Ecclesiae
961 2743 1036 2774 Filiis
1049 2742 1084 2773 ad
1099 2752 1169 2780 quos
1183 2751 1253 2780 prae-

40 2812 157 2878 &5³23

43 2885 81 2909 Η.
95 2879 110 2906 8
116 2902 122 2907 .

43 2923 85 2947 lx
101 2921 160 2947 Au-

44 2964 112 2993 togr.

275 2786 363 2816 sentes
380 2785 485 2815 Literae
502 2784 558 2815 sive
570 2783 628 2814 hoc
644 2783 760 2821 praesens
773 2783 927 2813 Publicum
941 2781 1127 2818 Transumpti
1149 2780 1253 2811 instru-

198 2831 329 2855 mentum
344 2822 525 2861 pervenerint
540 2823 586 2852 seu
601 2823 773 2861 pervenerit,
792 2821 825 2851 ὃς
848 2830 919 2858 quos
942 2819 1114 2858 Infrascripta
1136 2828 1180 2850 tan
1203 2828 1255 2850 unt

199 2863 244 2893 seu
257 2870 369 2901 tangere
386 2869 516 2900 poterunt
531 2860 752 2898 quomodolibet
768 2860 798 2888 in
823 2859 970 2895 futurum,
993 2858 1166 2896 Edwardus,
1211 2869 1254 2888 er-

200 2899 333 2932 miffione
344 2898 454 2929 Divina
489 2897 661 2937 Eboracenfis
674 2895 889 2966 Archiesgi'opus
905 2896 1018 2935 Angliae
1038 2896 1146 2926 Primas
1159 2899 1192 2928 &
1212 2897 1255 2928 A·

222 2938 350 2969 ostolicae
364 2937 443 2967 Sedis
458 2921 580 2974 Legatus
596 2936 723 2966 Salutem
739 2936 769 2965 in
816 2937 919 2965 omino
933 2936 966 2966 &
988 2935 1089 2966 Fidem
1108 2935 1254 2966 indubiam

226 2976 387 3008 raesentibus
399 2975 533 3005 adhiberi.

237 3015 286 3047 Ad
298 3013 495 3045 Universitatis
510 3012 611 3045 vestrae
619 3012 766 3043 Notitiam
782 3011 950 3044 deducimus
963 3012 996 3043 &
1007 3011 1111 3043 deduci
1124 3012 1255 3044 volumus

220 3065 249 3086 er
276 3053 427 3084 Praesentes
448 3052 528 3091 quod
546 3075 556 3090 ,
583 3051 670 3082 Anno
693 3051 818 3082 Domini
842 3051 994 3081 Millesimo
1016 3051 1255 3089 Qiingentefimo

198 3065 363 3125 ᾕᾛεεῦῐηο
388 3092 492 3126 tertio,
514 3090 677 3121 lndiCtione
699 3089 788 3128 sexta,
813 3088 1000 3120 Pontificatsis
1026 3089 1196 3120 Saneliffimi
1224 3091 1255 3120 in

200 3131 320 3164 Christo
334 3130 423 3160 Patris
437 3131 470 3162 δε
482 3129 608 3159 Domini
619 3128 706 3159 nostri
721 3128 845 3158 Domini
858 3129 1013 3165 Clementis,
1027 3127 1138 3159 Divina
1153 3128 1257 3159 Provi-

202 3170 316 3208 dentia,
333 3168 401 3199 illius
414 3168 556 3199 Nominis
568 3170 650 3206 Papae
663 3170 773 3206 Septimi
789 3167 877 3198 Anno
894 3167 1040 3204 Decimo,
1059 3166 1168 3197 Mensis
1185 3169 1256 3197 vero

200 3210 282 3251 Junii
296 3208 355 3238 Die
370 3206 487 3237 decimo
499 3214 616 3244 quarto,
633 3215 735 3236 coram
747 3205 846 3235 Nobis
857 3207 885 3236 in
907 3206 1027 3243 quadam
1048 3205 1182 3243 superiori
1196 3204 1255 3236 Ca-

204 3258 284 3279 mera
295 3246 368 3277 infra
382 3244 472 3276 AEdes
487 3244 656 3275 Residentiae
669 3243 774 3274 nostrae
786 3244 931 3282 vulgariter
947 3245 1115 3282 nuncupatis
1135 3243 1255 3274 STocK-

202 3295 321 3324 wELL,
338 3284 410 3315 infra
429 3283 592 3314 Dioecesim
608 3282 844 3313 Wintoniensem
861 3284 971 3313 notorie
986 3283 1112 3321 situatas,
1137 3283 1167 3312 in
1190 3283 1257 3313 No-

204 3326 267 3357 tarii
281 3323 394 3355 Publici
408 3322 570 3360 subscripti,
589 3321 697 3352 Scribae
714 3320 804 3352 nostri
826 3321 854 3350 in
877 3321 930 3351 hac
947 3329 1024 3358 parte
1042 3320 1195 3358 specialiter
1218 3322 1257 3352 as-

204 3364 324 3402 sumpti,
349 3371 383 3393 ae
403 3361 538 3393 Testiurn
559 3360 675 3391 inferius
695 3360 912 3390 nominatorum
933 3358 1077 3390 Praesentia
1092 3360 1259 3398 judicialiter

205 3411 260 3439 pro
271 3400 425 3432 Tribunali
438 3399 612 3436 sedentibus,
629 3398 798 3435 Comparuit
812 3397 988 3435 personaliter
1013 3396 1188 3429 Venerabilis
1207 3397 1261 3429 Vir

209 3439 346 3478 Magister
360 3438 504 3477 Johannes
515 3437 618 3477 Oiyver
632 3438 745 3504 Leffum
760 3435 894 3473 Dotion
911 3435 1040 3474 quasdam
1059 3437 1178 3468 Litteras
1190 3437 1261 3467 Pro-

208 3480 373 3514 curatorias,
393 3476 484 3508 Manu
501 3484 532 3506 ut
545 3477 669 3514 apparuit
697 3474 862 3505 nviCtissimi
884 3476 917 3506 &
940 3474 1128 3505 Potentiffimi
1151 3475 1259 3505 Princi-

210 3516 254 3553 pis
268 3515 388 3544 Domini
404 3515 493 3547 nostri
510 3517 622 3544 Henrici
639 3514 760 3550 ocimi,
780 3513 836 3544 Dei
849 3512 964 3552 Gratia,
980 3513 1092 3551 Angliae
1113 3511 1151 3547 ὀ·
1171 3516 1261 3543 Fran-

209 3557 257 3583 ciae
271 3556 348 3590 Regis
361 3554 432 3582 Fidei·
448 3552 606 3593 Defensori-t
623 3551 661 3587 ὠ
679 3555 789 3582 Domini
803 3550 941 3581 Hiberniae
1127 3551 1209 3582 solito
1228 3554 1262 3584 δί

209 3590 347 3631 consueto
360 3591 487 3629 signatas,
506 3593 612 3629 suoque
630 3590 749 3630 Signeto
767 3589 905 3629 sigillatas,
927 3590 957 3620 ὃς
972 3590 1008 3620 Se
1020 3589 1133 3621 Partem
1148 3600 1200 3629 pro
1213 3601 1264 3622 eo-

210 3630 280 3660 dem
297 3630 384 3667 (cum
399 3638 430 3659 ea
444 3640 497 3668 qua
509 3630 603 3660 decuit
619 3628 790 3661 Reverentia
803 3628 836 3659 δε
850 3627 992 3665 Honore)
1018 3628 1106 3666 fecit,

214 3705 343 3744 Quarum
353 3705 455 3746 quidem
466 3708 640 3736 Litterarum
657 3707 903 3736 Procuratoriarum
916 3704 1100 3736 exhibitarum
1119 3715 1202 3736 verus
1212 3708 1262 3736 Te·

250 3744 428 3783 norftquitur
444 3746 473 3772 in
489 3743 542 3773 haec
557 3746 660 3784 verba,

250 3820 380 3848 Henricus
394 3819 536 3858 oaavus,
555 3820 616 3851 Dei
638 3820 726 3860 gratia
743 3843 753 3858 ,
775 3820 886 3859 Angliae
910 3820 949 3856 ὠ·
969 3823 1175 3852 Ἑναηιὶιᾘεκ
1193 3822 1268 3851 Fidei

217 3854 343 3898 foensos
358 3856 395 3891 ό·
415 3860 543 3886 Dominus
556 3859 699 3889 Hiberniae
713 3861 844 3890 universis
858 3863 892 3891 &
905 3860 1015 3900 singulis
1035 3859 1184 3898 praesentes
1203 3860 1267 3891 Lit-

216 3896 395 3968 terp-{viiciiirIixs1
402 3903 491 3933 pateat
503 3896 646 3928 evidenter
663 3899 696 3930 &
712 3898 743 3928 sit
756 3907 858 3929 riorum
867 3921 877 3936 ,

290 3941 327 3959 uo
397 3942 428 3962 os
436 3956 446 3971 ,

248 3968 297 4000 De
311 3968 333 3999 F
335 3968 454 4001 idelitate
468 3971 595 4004 Scientii
607 3971 639 4004 ὃ(
655 3972 927 4014 Circumspestiouis
948 3974 1106 4016 Industria,
1130 3974 1266 4015 Diled'toe
1301 3980 1374 4016 *Regi*
1386 3976 1460 4009 Fidei
1477 3974 1622 4015 Defenfiri
1635 3973 1674 4010 ὠ·
1688 3974 1803 4004 Domino
1816 3969 1957 4002 Hiberniae
1974 3968 2179 4010 iilustriffirno,
2200 3973 2368 4044 caeterisqpe

2338 4021 2367 4045 ur

628 67 1432 127 CONVENTIONES,
1488 64 1877 121 LITERAE,

1266 166 1331 188 rum
1348 154 1450 186 Nobis
1462 153 1605 192 Johannis
1620 152 1726 192 olyver
1740 154 1866 195 Legum,
1883 153 1917 186 &
1935 148 2217 192 Willielmnsretteyii
2229 148 2329 182 utriui-
2350 144 2432 180 'Anni
2445 145 2488 182 D:

1269 205 1324 235 que
1336 194 1425 233 Juris,
1444 192 1634 231 Doeiorum,
1653 193 1803 230 specialem
1818 193 1953 224 fiduciam
1969 194 2146 229 obtinentes,

2374 195 2461 228 1533.
2482 208 2487 224 i

1306 232 1433 263 Eosdem
1450 230 1610 270 Johannem
1628 231 1734 271 Olyver
1746 233 1780 263 &
1796 232 1974 263 Willielmum
1984 234 2101 265 Breteyn
2115 228 2228 261 nostros
2241 227 2335 267 legiti·
2356 231 2422 256 Hm.
2441 228 2468 257 8.

1270 281 1335 303 mos
1350 271 1385 301 ad
1399 270 1538 301 effet‘ltum
1557 270 1766 312 infrascriptum
1790 270 1973 309 conjunrstim
1996 271 2031 302 &
2051 269 2162 301 divisim
2183 267 2334 299 Nomina-

1272 319 1355 347 muS,
1372 310 1406 340 &
1420 319 1471 347 per
1485 309 1636 340 Praelentes
1649 309 1861 340 Constituimus
1875 309 2092 348 Procuratores,

1308 348 1420 379 Dantes
1437 349 1470 379 &
1490 347 1693 378 Concedentes
1715 355 1801 386 prout
1825 347 2007 379 Praesentium
2028 348 2150 378 Tenore
2170 346 2283 377 Damus
2301 344 2336 376 ὃς

1272 386 1473 418 Concedimus
1485 386 1591 417 eisdem
1605 386 1845 417 Procuratoribus
1859 385 1961 415 nostris
1974 386 2154 424 conjunfflm
2177 386 2210 416 &
2233 393 2337 415 eorum

1271 426 1382 468 utrique
1397 435 1445 462 per
1461 424 1498 455 Se
1509 425 1620 455 divisim
1633 425 1667 455 &
1681 425 1712 454 in
1725 424 1847 455 solidum
1870 424 2045 455 Potestatem
2062 425 2096 455 &
2121 422 2336 454 Au&oritatem

1272 463 1445 495 suffieientes
1459 463 1660 502 &legitimas,
1677 472 1729 502 pro
1752 463 1853 493 Nobis
1875 464 1909 495 δε
1932 461 2068 493 Nomine
2090 463 2207 500 nostro,
2233 470 2335 492 coram

1272 501 1524 533 Reverendiffimis
1538 504 1569 531 in
1584 500 1702 531 Christo
1715 502 1845 532 Patribus
1859 502 1978 539 Thoma,
1994 501 2179 532 Permiffione
2206 500 2334 538 Divina,

1273 540 1467 581 cantuarienfi
1480 538 1700 578 Archiepiscopo,
1718 544 1801 570 totius
1815 539 1928 578 Angliae
1951 542 2092 577 Primate,
2117 537 2155 574 &⁴
2176 538 2335 580 Aprstolicae

1273 580 1348 610 Sedis
1362 582 1488 617 Legata,
1503 588 1619 609 necnon
1636 578 1795 617 Edwardo,
1814 578 1912 610 eadem
1928 578 2128 616 Permiffione,
2146 578 2264 608 Eborum
2271 582 2336 608 Ar-

1274 618 1444 658 chiepifiopo,
1460 617 1573 656 Angliae
1587 617 1710 647 Primate
1723 618 1756 648 ὃς
1773 617 1950 654 Apostolicae
1964 617 2043 648 Sedis
2068 616 2181 653 Legato
2192 639 2202 653 ,
2223 626 2270 648 aut
2284 627 2335 648 eo-

1276 667 1341 688 rum
1355 657 1461 695 altero,
1477 656 1569 687 aliove
1579 654 1682 694 Judice
1694 656 1751 687 sive
1768 657 1826 687 aliis
1843 655 1994 694 Judicibus
2014 655 2244 692 competentibus
2262 665 2336 694 quo-

1276 705 1402 735 cumque
1416 695 1474 727 sive
1486 694 1732 733 quibuscumque,
1750 694 1785 725 ad
1798 694 1971 733 infrascripta
1993 695 2169 725 Potestatem
2191 693 2337 725 sufficien-

1276 743 1337 766 tem
1352 735 1475 764 habente
1489 735 1544 764 iive
1558 733 1725 764 habentibus
1740 732 1952 773 Comparendi,

1314 772 1446 803 Necnon
1454 772 1606 804 Tractatus
1614 772 1802 810 quoscunque
1814 773 1885 802 inter
1896 772 1965 803 Nos
1974 771 2209 812 Progenitoresve
2224 769 2340 802 nostros

1274 813 1309 844 &
1321 812 1390 843 alios
1400 811 1498 849 Reges
1510 811 1542 842 δε
1553 810 1647 841 Princi
1669 820 1698 841 es
1710 811 1795 841 initos
1806 809 1896 841 fa&os
1910 811 1944 842 &
1961 811 2117 842 celebratos
2131 810 2337 849 &conclusos,

1315 851 1361 881 Ac
1381 850 1595 888 Instrumenta,
1661 849 1824 887 unimenta,
1851 849 2024 889 Scripturas,
2057 849 2192 888 Chartas,
2216 848 2338 881 Litteras

1275 889 1512 926 Testimoniaies,
1528 888 1694 927 privilegia,
1713 887 1842 924 Gratias,
1860 887 2074 926 Exemptiones‚
2091 890 2125 920 &
2145 887 2339 921 Consultatio-

1276 937 1349 959 num
1364 927 1498 966 Litteras,
1515 925 1655 957 Censuras
1670 927 1703 956 &
1720 926 1980 957 Determinationes
2003 927 2246 957 Achademiarum
2268 936 2338 965 qua-

1277 976 1487 1004 rumcumque,
1506 965 1736 1002 Assertionesque
1750 967 1784 997 &
1805 964 1969 1000 opiniones
1991 964 2175 996 Praelatorum
2198 967 2231 998 &
2257 966 2339 996 Cleri

1279 1005 1466 1036 Eboracensis
1481 1004 1663 1040 Provinciae,
1677 1005 1711 1035 δε
1725 1003 1775 1034 alia
1787 1002 1894 1041 Scripm
1916 1012 2104 1041 quaecumque
2122 1003 2193 1034 Nos
2213 1006 2247 1036 δε
2270 1005 2339 1035 Per-

1278 1044 1376 1074 sonam
1392 1043 1519 1074 nostram
1531 1042 1575 1072 seu
1590 1041 1693 1072 Causas
1705 1043 1739 1073 &
1754 1041 1884 1079 Negotia
1901 1040 1996 1072 nostra
2016 1041 2256 1081 qualitercumque
2275 1051 2338 1074 tan-

1278 1084 1372 1151 gegtga
1390 1082 1445 1150 sidve
1459 1081 1679 1118 concernentia,
1697 1090 1797 1111 coram
1809 1079 1914 1110 eisdem
1928 1079 1973 1111 seu
1997 1089 2096 1111 eorum
2116 1079 2211 1118 aliquo
2231 1081 2340 1113 realiter

1277 1131 1312 1152 ex
1335 1132 1342 1150 i
1365 1131 1398 1151 en
1421 1131 1430 1150 i

1317 1160 1373 1199 Et,
1393 1144 1471 1197 quod
1489 1157 1584 1188 nostra
1600 1158 1787 1197 principaliter
1805 1157 1935 1195 interest,
1953 1156 2058 1188 eisdem
2072 1157 2119 1188 seu
2130 1166 2231 1189 eorum
2244 1158 2342 1189 Tran-

1278 1199 1396 1236 sumptis
1410 1200 1440 1228 iii
1457 1197 1570 1228 diversis
1584 1198 1700 1227 remotis
1713 1206 1747 1227 ac
1762 1196 1848 1236 longe
1862 1197 1897 1227 ab
1917 1197 2046 1227 invicem
2067 1195 2232 1228 distantibus
2253 1197 2342 1228 Locis

1277 1239 1363 1269 etiam
1377 1237 1583 1268 Transmarinis
1597 1237 1656 1274 uti,
1673 1234 1808 1278 quodque
1820 1234 1922 1265 eadem
1936 1235 2029 1266 adhuc
2044 1234 2198 1274 Duplicata
2215 1245 2274 1265 non
2290 1236 2341 1266 ha-

1278 1278 1395 1313 bemus,
1413 1276 1550 1318 valdeque
1561 1274 1750 1314 periculosum
1766 1273 1867 1304 Nobis
1877 1274 1949 1304 foret
1968 1274 1988 1293 ²*
2008 1273 2107 1304 eadem
2134 1274 2293 1311 Originalia
2304 1275 2341 1305 ab
2362 1284 2378 1299 ἐ
2390 1284 2470 1315 xm·

1279 1325 1339 1346 uno
1355 1315 1442 1345 Loco
1457 1314 1491 1344 ad
1505 1314 1574 1351 alia,
1591 1313 1747 1350 eademque
1760 1320 1870 1343 remota
1884 1313 1918 1343 &
1935 1312 2026 1343 forsan
2041 1312 2256 1350 Transmarina,
2274 1323 2341 1351 pro·
2360 1331 2394 1359 47
2400 1332 2425 1360 3,

1276 1364 1336 1394 pter
1352 1352 1441 1384 Maris
1455 1355 1489 1384 ὅ(
1508 1351 1622 1383 Viarum
1639 1352 1812 1382 Discrimina
1826 1351 1934 1389 aliaque
1947 1351 2083 1381 nonnulla
2097 1351 2227 1382 Pericula
2242 1352 2341 1383 &Ca-

1276 1395 1319 1425 sus
1330 1391 1457 1423 adversos
1471 1392 1631 1429 frequenter
1645 1390 1805 1421 accidentes
1819 1391 1852 1422 &
1867 1390 2054 1430 contigenteS,
2061 1390 2200 1422 transferri
2214 1390 2342 1423 &trans-

1279 1432 1403 1473 portari,
1421 1430 1570 1470 Allegandi
1581 1431 1614 1461 &
1628 1429 1824 1468 Proponendi,

1320 1471 1366 1502 Ac
1379 1470 1496 1509 desuper
1510 1468 1530 1498 si
1545 1478 1616 1507 opus
1629 1468 1711 1499 suerit
1725 1467 1826 1498 Fidem
1840 1467 1992 1505 Faciendi,

1315 1508 1547 1548 Hujusmodique
1560 1507 1727 1545 Tracstatus,
1752 1505 1958 1546 Instrumenta,
1991 1505 2190 1545 Munimenta,
2209 1507 2342 1547 Scriptu-

1281 1558 1339 1588 ras,
1359 1547 1496 1585 Chartas,
1516 1546 1640 1584 Literas,
1657 1545 1784 1582 Gratias,
1801 1545 2021 1585 Exemptiones,
2037 1544 2205 1584 Privilegia,
2229 1546 2341 1578 Censu-

1282 1597 1323 1618 ras
1335 1587 1368 1619 &
1386 1586 1645 1617 Determinationes
1664 1583 1895 1622 Assertionesque
1919 1584 1952 1615 &
1977 1583 2156 1622 opiniones,
2178 1594 2211 1615 ac
2231 1585 2292 1615 Scri
2315 1595 2342 1617 ta

1282 1635 1473 1664 quaecumque
1486 1623 1659 1662 Originalia,
1678 1622 1740 1653 sana
1754 1622 1886 1653 videlicet
1902 1623 1934 1653 ὅτ
1949 1623 2067 1661 integra,
2084 1633 2118 1653 ac
2132 1624 2269 1654 omnibus
2310 1634 2342 1655 x-

1282 1666 1416 1704 ceptione
1426 1664 1460 1694 &
1471 1662 1630 1700 Suspirione
1645 1660 1767 1691 Sinistris
1780 1662 1914 1699 carentia,
1928 1660 2097 1692 authoritate
2109 1663 2153 1691 sua
2168 1662 2202 1692 ad
2218 1672 2344 1694 omnem

1282 1704 1359 1742 Juris
1373 1702 1515 1733 effectum
1529 1702 1578 1739 qui
1591 1699 1691 1731 exinde
1705 1700 1779 1739 sequi
1792 1701 1895 1738 poterit
1909 1708 1955 1730 aut
1975 1699 2067 1737 potest
2086 1700 2289 1738 exemplificari
2308 1702 2344 1733 ὃς

1288 1742 1449 1779 transumi,
1473 1749 1590 1770 necnon
1612 1748 1668 1769 una
1689 1738 1735 1769 vcl
1755 1738 1832 1776 plura
1854 1738 2005 1776 publicum
2031 1738 2077 1768 seu
2097 1739 2212 1777 publica
2236 1738 2345 1771 Instru-

1285 1788 1418 1812 mentum
1442 1779 1499 1809 sive
1520 1778 1709 1808 instrumenta
1731 1777 1830 1807 exinde
1859 1776 1965 1806 confici
1986 1777 2019 1806 &
2044 1777 2185 1808 autentice
2214 1779 2347 1819 sigillari,

1286 1819 1406 1850 Petendi
1421 1818 1454 1848 δε
1477 1816 1658 1852 Obtinendi,
1683 1822 1846 1852 tantamque
1865 1814 1965 1844 Fidem
1991 1814 2151 1852 hujusmodi
2165 1818 2348 1856 transumptis

1286 1856 1477 1888 adhibendam
1491 1855 1554 1884 fore
1567 1854 1603 1884 de
1613 1854 1675 1891 jure
1687 1852 1796 1891 deberi,
1811 1861 1912 1891 quanta
1921 1851 2085 1890 hujusmodi
2098 1852 2290 1892 originalibus
2298 1857 2349 1887 ad-

1287 1897 1446 1932 hiberetur,
1464 1892 1622 1924 decerni&
1637 1892 1819 1930 pronunciari
1832 1892 1919 1922 etiam
1935 1890 2056 1921 Petendi
2071 1890 2104 1921 &
2121 1890 2311 1934 Impetrandi‚
2348 1891 2351 1892 ⁷

1324 1934 1494 1971 Caeteraque
1516 1932 1613 1962 omnia
1633 1932 1666 1962 ὃ(
1691 1930 1798 1967 singula
1821 1929 1955 1960 Faciendi
1978 1929 2010 1960 δί
2034 1928 2210 1967 Expediendi
2232 1941 2297 1970 quae
2318 1935 2349 1965 in

1286 1973 1438 2005 Praemisfis
1451 1973 1483 2002 &
1501 1972 1577 2001 circa
1590 1980 1621 2000 ea
1636 1969 1786 2000 necessaria
1797 1968 1900 1999 fuerint
1916 1968 1961 1998 seu
1986 1968 2207 2005 quomodolibet
2230 1979 2351 2008 oportu-

1287 2024 1340 2050 na,
1358 2013 1425 2080 li[{et
1440 2009 1613 2079 Mariildatum
1626 2008 1662 2040 de
1675 2008 1703 2038 se
1715 2009 1805 2048 tnagis
1824 2008 1936 2047 exigant
1955 2006 2074 2044 speciale
2094 2017 2183 2046 quam
2203 2007 2351 2042 Praesenti-

1285 2053 1339 2084 bus
1353 2061 1368 2082 e
1410 2060 1443 2081 ex
1466 2059 1493 2079 re
1521 2058 1570 2079 un]

1324 2058 1483 2121 Ratumlgc
1497 2071 1611 2127 gratu’m
1623 2087 1758 2117 habentes
1770 2087 1804 2118 &
1825 2085 1947 2116 habituri
1968 2091 2064 2115 totum
2086 2084 2120 2115 &
2141 2086 2278 2125 quicquid
2300 2097 2352 2126 pet

1288 2130 1380 2160 dustos
1396 2128 1596 2158 Procuratores
1612 2125 1741 2164 nostros,
1759 2132 1808 2156 aut
1819 2133 1922 2154 eorum
1938 2122 2072 2160 alterum,
2098 2124 2212 2161 gestum
2235 2126 2281 2157 seu
2299 2136 2350 2158 ex-

1290 2169 1417 2208 peditum
1436 2166 1519 2197 fuerit
1535 2165 1566 2196 in
1579 2164 1746 2204 Praemiffis,
1764 2163 1809 2195 vel
1824 2163 1919 2202 aliquo
1933 2161 2148 2194 Praemifforum
2162 2172 2212 2202 per
2226 2163 2353 2197 Praesen-

1289 2215 1330 2238 tes
1345 2206 1463 2245 Signeto
1477 2203 1577 2234 nostro
1591 2203 1732 2243 sigillatas,
2339 2202 2355 2221 ·“

1329 2245 1397 2276 Dat.
1413 2245 1442 2273 in
1458 2246 1588 2273 Manerio
1612 2241 1698 2281 nostro
1713 2241 1745 2271 de
1757 2240 1938 2278 Grenewich,
1957 2239 2088 2271 Decimo
2102 2239 2161 2271 Die
2176 2239 2263 2280 Julii,
2288 2243 2354 2275 An-

1293 2295 1333 2316 no
1346 2283 1473 2314 Domini
1488 2281 1645 2311 Millesirno
1658 2279 1899 2318 Quingentesimo
1914 2278 2077 2310 Tricefimo
2091 2279 2191 2318 tertio,
2206 2280 2240 2312 δε
2256 2280 2354 2322 Regni

1290 2323 1378 2354 nostri
1390 2321 1478 2352 Anno
1495 2319 1642 2351 Vicesimo
1654 2319 1767 2357 quinto.

1328 2398 1368 2429 Et
1382 2397 1482 2429 deinde
1498 2396 1593 2427 dietus
1604 2395 1794 2434 Procurator,

1338 2436 1476 2467 Nomine
1490 2435 1523 2467 &
1540 2445 1592 2472 pro
1606 2444 1640 2465 ac
1657 2444 1692 2464 ex
1712 2443 1791 2472 parte
1808 2432 1881 2465 dieti
1903 2430 2081 2462 Invifflffimi
2101 2433 2135 2465 ὃς
2162 2431 2355 2469 Potentjffimi

1296 2474 1422 2506 Domini
1447 2473 1537 2504 nostri
1559 2472 1646 2511 Regis
1662 2495 1672 2510 ,
1703 2472 1847 2510 quoddam
1875 2470 2100 2501 Instrumentum
2128 2471 2281 2505 Publicum
2309 2476 2354 2507 Si.

1286 2508 2356 2593 samaritissatristifer&„assentanea

1295 2591 1453 2628 signatum,
1469 2590 1504 2619 de
1517 2589 1550 2620 &
1563 2588 1592 2619 su
1614 2597 1643 2618 er
1659 2586 1867 2618 Affertionibus
1884 2587 1918 2617 &
1942 2585 2140 2625 Opinionibus
2162 2561 2353 2623 Praeliatorum

1294 2631 1329 2662 &
1351 2629 1429 2659 Cleri
1454 2597 1747 2670 nostraessrovinciae
1761 2625 1895 2656 Eborum
1919 2623 1999 2668 super
2017 2624 2144 2668 Duabus
2174 2627 2355 2666 Qaestioni.

1295 2669 1348 2699 bus
1363 2669 1393 2698 in
1408 2665 1630 2697 Convocatione
1646 2664 1830 2695 Praelatorum
1845 2665 1879 2695 &
1897 2662 1976 2694 Cleri
1996 2662 2080 2694 dietae
2102 2663 2208 2696 nostrae
2227 2666 2352 2700 Provin.

1296 2708 1350 2738 ciae
1366 2706 1497 2737 Eborum
1512 2715 1564 2742 pro
1585 2704 1679 2742 osiris,
1704 2703 1811 2734 realiter
1834 2702 1969 2746 produxit
1989 2702 2023 2733 &
2042 2702 2189 2742 exhibuit,
2209 2715 2243 2736 ac
2263 2716 2350 2745 penes

1295 2745 1365 2776 Nos
1380 2746 1413 2776 &
1430 2743 1543 2774 dietum
1578 2743 1687 2773 cribam
1701 2741 1832 2773 nostrum
1843 2740 1965 2778 dimifit,
1981 2741 2016 2771 &
2030 2740 2159 2777 allegavit
2174 2744 2264 2782 quod,
2277 2755 2350 2776 curn

1294 2784 1386 2814 eidem
1403 2782 1597 2813 inviffiffimo
1608 2782 1643 2812 &
1656 2779 1858 2811 Potentiffimo
1873 2782 1989 2809 Domino
2009 2790 2042 2809 no
2066 2789 2095 2808 ro
2115 2782 2180 2817 Regi
2201 2783 2354 2819 expedirem

1295 2823 1369 2853 foret
1384 2823 1416 2853 &
1431 2819 1630 2858 conducibile,
1644 2819 1754 2850 dietum
1779 2817 2004 2848 Instrumentum
2052 2817 2177 2848 ublicum
2196 2821 2275 2857 quod
2293 2832 2354 2853 non

1296 2861 1393 2892 habuit
1406 2870 1496 2898 neque
1509 2859 1593 2890 habet
1606 2859 1665 2891 (uti
1682 2866 1752 2889 tunc
1767 2855 1897 2892 asseruit)
1920 2855 2108 2892 Duplicatum
2120 2878 2129 2892 ‚
2146 2856 2182 2887 de
2205 2867 2264 2888 uno
2284 2859 2354 2891 1000

1296 2900 1331 2931 ad
1344 2900 1448 2935 aliurn,
1467 2899 1499 2928 &
1515 2897 1670 2936 praesertim
1683 2896 1719 2927 de
1734 2895 1788 2926 isto
1803 2895 1909 2933 Regno
1924 2893 2037 2932 Angliae
2054 2893 2088 2923 ad
2101 2894 2152 2924 alia
2168 2898 2291 2929 multum
2308 2900 2354 2929 in-

1295 2947 1338 2969 ter
1351 2939 1378 2970 se
1395 2936 1522 2968 distantia
1538 2935 1639 2973 Regna
1653 2935 1708 2965 sive
1728 2935 1809 2964 Loca
1831 2943 1890 2963 uno
1909 2932 2069 2970 eodemque
2088 2940 2219 2971 tempore
2240 2936 2353 2969 ostendi

1294 2979 1329 3008 &
1341 2977 1487 3012 declarari,
1505 2975 1541 3006 ad
1554 2974 1693 3005 effeetum
1706 2972 1784 3011 quod
1799 2972 1896 3002 omnia
1917 2971 1950 3001 &
1968 2970 2074 3009 singula
2094 2972 2123 3001 in
2146 2973 2226 3004 dieto
2248 2974 2353 3007 Instru-

1294 3024 1394 3046 mento
1407 3015 1530 3045 Publico
1541 3013 1653 3044 cunetis
1669 3011 1774 3042 Christi
1799 3009 1940 3040 Fidelibus
1958 3008 2164 3041 innotescerent
2178 3034 2188 3050 ,
2214 3012 2354 3053 poffitque

1295 3053 1458 3093 hujusmodi
1469 3052 1695 3082 Instrumentum
1704 3049 1858 3081 Publicum
1874 3047 1894 3077 si
1907 3047 1941 3078 ad
1954 3047 2091 3078 effectum
2108 3049 2229 3088 superius
2244 3054 2356 3091 expres-

1292 3093 1352 3123 sum
1367 3091 1400 3122 ad
1415 3091 1533 3122 diversas
1548 3091 1640 3121 Partes
1655 3089 1775 3119 multum
1793 3087 1866 3116 inter
1878 3085 1906 3116 se
1930 3087 1940 3123 (
1958 3094 1987 3116 ut
2002 3087 2200 3124 praemittitur)
2226 3089 2356 3123 distantes

1295 3132 1447 3162 deferretur
1463 3132 1495 3161 &
1510 3128 1748 3165 transportaretur,
1765 3126 1808 3156 ob
1818 3124 1938 3155 Viarum
1952 3124 2125 3156 Discrimina
2142 3127 2175 3158 &
2189 3126 2278 3161 Casus
2293 3130 2356 3161 Ad.

1295 3171 1387 3202 versos
1401 3170 1449 3206 qui
1465 3170 1625 3205 frequenter
1642 3165 1777 3196 accidunt
1790 3163 1974 3194 verisimiliter
1988 3163 2126 3203 deperire,

1334 3209 1433 3239 Nobis
1446 3216 1498 3246 pro
1512 3206 1594 3236 Parte
1608 3203 1717 3242 praefati
1728 3201 1959 3234 Excellentiffimi
1975 3205 2087 3232 Domini
2108 3202 2190 3242 nostri
2209 3207 2287 3244 Regis
2304 3206 2354 3238 de-

1297 3248 1354 3278 bita
1371 3256 1439 3278 curn
1453 3244 1583 3275 instantia
1595 3242 1770 3281 supplicavit,
1787 3249 1923 3280 quatenus
1937 3241 2047 3271 dietum
2058 3240 2283 3274 Instrumentum
2293 3244 2356 3275 *Pu-

1297 3286 1408 3316 blicum
1423 3283 1570 3321 diligenter
1584 3283 1733 3319 inspicere,
1749 3279 1936 3316 contractare,
1953 3280 1986 3311 &
2003 3281 2162 3311 examinare
2175 3291 2334 3314 curaremus
2346 3296 2354 3301 ·

1298 3324 1336 3354 Et
1349 3324 1369 3354 fi
1384 3323 1451 3353 illud
1474 3332 1522 3359 per
1537 3321 1606 3351 Nos
1623 3319 1778 3359 inspeetum
1794 3319 1828 3349 &
1849 3317 1943 3349 debite
1962 3319 2154 3349 examinatum
2175 3308 2357 3357 reperiremus

1298 3372 1357 3393 non
1371 3362 1509 3391 Vitiatum
1522 3383 1532 3399 ,
1549 3369 1608 3389 non
1624 3358 1750 3395 Rasum,
1770 3367 1830 3387 non
1854 3356 2012 3387 Obolitum
2023 3379 2033 3395 ,
2059 3367 2118 3388 non
2139 3357 2357 3399 Cancellatum,

1297 3411 1352 3432 nec
1378 3401 1408 3429 in
1432 3399 1521 3436 aliqua
1539 3398 1620 3435 ipsius
1641 3406 1716 3435 parte
1740 3395 1926 3433 Suspeetum,
1949 3395 2106 3432 hujusmodi
2127 3394 2355 3429 Instrumentum

1299 3439 1452 3470 Publicum
1469 3446 1518 3474 per
1534 3436 1672 3466 Notarios
1688 3434 1823 3465 Publicos
1839 3434 2026 3472 subscriptum
2053 3433 2184 3464 transumi
2205 3436 2358 3473 exemplari

1300 3479 1333 3508 ὃς
1348 3477 1496 3512 subscribi,
1512 3483 1596 3513 atque
1614 3475 1643 3504 in
1660 3474 1810 3504 Publicam
1833 3473 1866 3504 ὃ(
1889 3473 2089 3503 Αυᾶὶεῃῑίςαῐη
2112 3471 2244 3501 Formam
2268 3476 2357 3514 redigi

1299 3517 1458 3585 grgciplergc
1467 3516 1501 3546 ὃς
1525 3513 1814 3582 ῐῃειηάἱξεέιιηεεῃοῃ
1833 3520 1863 3579 ig
1887 3511 2051 3578 hujusmodrix
2071 3509 2266 3585 {rafggs‘ptis
2285 3513 2357 3546 sicut

1302 3563 1392 3662 ἐωξὶ),
1412 3560 1592 3636 ἓωιὲἓῃὲῗῗέἑξ
1611 3559 1970 3659 εάιίῑίὲξὲἐέῃὲἓεεῖἓὲἓζ
1992 3558 2154 3618 tIaDecretum
2173 3557 2360 3624 ngffiuctjriliarssnc

1333 3641 1349 3661 u
1381 3639 1512 3661 oritatem
1528 3638 1706 3669 interponere
1740 3636 1914 3668 ignaremur‚

1302 3711 1388 3739 Tenor
1405 3717 1471 3737 vero
1485 3707 1552 3736 dieii
1566 3705 1742 3744 Instrumenti
1756 3703 1876 3742 Publiri,
1894 3713 1949 3732 una
1970 3711 2025 3730 cum
2039 3698 2273 3740 fitbscriptionibus
2284 3708 2360 3744 pra-s

1397 3747 1526 3776 distorum
1544 3747 1724 3775 Notariorum
1742 3742 1910 3773 Publicorum
1917 3740 2060 3778 ftquitur,
2078 3736 2116 3774 ὀ·
2135 3740 2171 3779 est
2185 3740 2260 3774 talis.

1343 3822 1382 3853 IN
1403 3822 1471 3853 Dm
1492 3822 1642 3853 NoMINE
1665 3821 1779 3852 Amin.
2092 3829 2096 3831 *

1340 3861 1394 3892 Per
1409 3861 1546 3901 praesentis
1556 3860 1671 3891 Publici
1688 3856 1867 3889 instrumenti
1879 3854 1977 3898 seriem
1993 3853 2121 3898 cunetis,
2147 3856 2182 3887 ὃς
2207 3859 2359 3896 praeserrim

1305 3898 1493 3930 Invietiffimo
1510 3897 1746 3929 Metuendiffimo
1759 3905 1791 3925 ac
1809 3892 2010 3937 Potentiffimo
2024 3891 2120 3924 Princi
2142 3895 2150 3924 i
2169 3896 2202 3926 &
2226 3897 2360 3928 Domino

1306 3938 1404 3968 nostro
1417 3937 1560 3975 Supremo
1575 3939 1690 3966 Henrico
1702 3935 1828 3968 otram,
1846 3931 1902 3961 Dei
1925 3939 2009 3968 gratia
2020 3953 2029 3969 ,
2047 3935 2116 3969 Ang
2128 3936 2162 3962 iae
2179 3933 2217 3970 ό·
2238 3939 2361 3967 Franciae
