2542 4274
93 243 171 275 Anu,
185 243 226 274 D,
249 245 302 267 nec
315 246 330 267 a
349 236 474 267 Subditis
489 234 540 265 suis
552 234 611 264 dari
625 234 669 264 vel
687 234 806 273 praestari
823 238 967 272 permittet
987 238 1040 266 aut'
1052 235 1205 266 consentiet
1226 244 1297 274 quo·
1335 232 1498 276 Principum
1514 233 1738 270 praedictorum,
1755 235 1987 275 qualitercunque
2007 247 2106 269 eorum
2131 238 2242 270 alterius
2264 238 2392 270 Rebelli-
2407 237 2535 270 AumD.

1332 271 1383 300 bus
1397 270 1540 301 Gentibus
1557 271 1733 301 Guerrarum
1754 271 1960 305 Mercatoribus
1978 277 2139 308 Artificibus
2150 301 2159 314 ,
2176 278 2267 308 aliisve
2289 287 2390 308 eorum
2426 285 2512 316 1534.

1334 308 1474 346 uti-iusque
1488 309 1608 339 Subditis
1619 332 1627 346 ,
1644 310 1830 347 cujuscunque
1839 311 1947 350 Statsis,
1964 314 2125 353 Dignitatis,
2142 315 2256 347 Giadsis
2267 316 2391 346 &Con-
2402 321 2466 344 Heu.
2484 318 2510 344 ὅ.

116 291 201 324 ¹534-

96 326 159 352 ΕΜ.
177 322 202 351 8.

89 1076 202 1106 ¹¹¹X1V.

90 1124 154 1152 53¹·

96 3987 112 4004 ⁶
123 3987 206 4016 XIV.

95 4033 162 4062 53²·

790 150 899 191 ET
982 149 1249 191 ACTA

249 275 391 312 vismodo,
410 284 439 304 ut
451 273 609 311 hujusmodi
627 273 715 310 Bella,
731 273 862 311 Guerrae,
880 274 1072 312 Hostilitates,
1090 274 1247 304 invasiones
1263 274 1296 304 &

247 322 346 343 caetera
362 311 510 342 Praemiss'a‘
522 320 702 347 moveantur,
721 313 897 349 excitentur,
917 313 1067 342 inferantur
1083 322 1129 342 aut
1151 312 1235 349 fiant,
1250 310 1294 340 sed

244 351 320 381 bona
335 350 389 380 fide
405 349 508 379 realiter
522 350 555 380 δι’,
569 359 636 379 cum
652 349 758 379 effectu
772 350 904 380 Subditos
918 350 979 380 suos
995 350 1028 379 ad
1049 350 1084 380 iic
1105 349 1293 387 praestandum

244 389 288 418 vel
302 388 461 417 faciendum
476 388 658 427 prohibebit,
676 387 707 417 N
711 398 751 417 on
765 388 942 418 obstantibus
957 389 1169 426 quibuscunque
1193 388 1293 425 priori-

244 427 296 456 bus
312 424 533 463 Contracstibus,
554 426 646 464 Ligis,
671 426 830 464 Amicitiis,
855 425 1037 464 foederibus,
1061 425 1292 456 Confoederatio-

245 465 327 493 nibus
337 485 346 500 ,
365 462 458 493 Paetis
473 463 529 493 sive
546 463 804 502 Conventionibus,
814 474 862 503 per
876 474 925 494 eos
940 464 984 493 vel
999 474 1099 493 eorum
1115 465 1231 495 alterum
1246 472 1295 493 an·

244 510 272 530 te
289 500 393 531 Datam
410 501 590 532 Praesentium
608 503 834 539 habitis,'fa6tis,
862 503 950 539 initis,
976 502 1127 532 contradus
1145 502 1201 533 sive
1225 511 1296 531 cori-

243 539 340 576 clufis,
359 549 405 569 aut
420 550 591 578 quocunque
607 541 698 571 modo
714 540 905 579 confirmatis,
924 541 978 571 five
1000 540 1118 579 posthac
1142 539 1295 577 habendis,

245 577 458 617 contrahendis,
477 579 701 616 concludendis,
729 579 785 608 sive
807 578 1011 609 confirmandis
1031 589 1099 609 cum
1124 578 1297 616 quibuscun-

243 625 298 657 que
311 616 441 647 Personis
455 617 644 655 cujuscunque
655 616 768 647 Gradus
778 640 787 655 ,
806 617 916 656 Status,
941 616 1088 654 Honoris,
1108 616 1295 647 Conditionis

243 655 298 684 sive
313 653 465 692 Dignitsitis
479 655 610 686 existant:

280 690 399 723 Proviio
415 703 512 725 tamen
526 692 605 731 quod
616 715 626 731 ,
644 702 692 730 per
708 693 874 731 praesentem
888 694 969 725 Pacis
984 693 1127 723 Amicitiae
1154 693 1187 724 &
1212 690 1295 722 Con-

242 729 436 762 foederationis
451 731 639 768 Tractatum,
659 742 712 762 nec
737 740 785 769 per
809 733 930 769 aliquem
951 731 1114 761 Articulum
1140 731 1170 761 in
1189 730 1294 761 eodem

243 770 505 806 comprehensum,
523 771 559 799 ab
571 771 691 807 antiquis
707 770 758 800 illis
777 771 811 801 δε
834 770 953 808 pristinis
974 770 996 799 F
999 770 1141 799 oederibus
1163 769 1239 807 Ligis
1261 769 1294 798 &

244 805 564 845 Confoederationibus,
579 817 642 845 quae
657 807 853 838 lllustriffimus
870 811 929 837 Rex
941 811 1034 837 Scotiae
1054 807 1146 844 ejusve
1158 806 1294 836 Proveni-

242 853 331 884 tores,
351 847 395 876 vel
411 845 607 877 Sereniffimus
621 849 680 875 Rex
687 846 800 884 Angliae
812 846 902 883 ejusve
911 847 1105 884 Progenitores
1119 854 1190 875 curn
1205 830 1292 875 Chri-

241 883 409 914 stianiffimo
424 884 565 914 Gallorum
577 887 645 922 Rege
661 885 752 922 ejusve
768 884 1014 921 Antecelsoribus,
1040 893 1103 913 ante
1119 883 1181 912 haec
1197 883 1290 912 Tem-

240 931 311 958 pora
325 923 445 953 inierunt
462 923 494 953 &
511 925 803 961 contraxerunt(quae
815 923 849 952 de
867 921 936 960 Jure
956 922 1045 952 valida
1070 923 1103 953 &
1125 920 1292 951 inconcussa

240 959 319 992 sunt)
337 960 391 991 ulla
406 961 432 990 in
445 960 533 991 ‘Parte
550 961 705 992 Recessum
727 970 772 991 aut
795 960 972 998 Derogaturn
993 960 1050 990 esse
1070 959 1228 996 censeatur,
1246 958 1290 989 sed

241 997 319 1035 quod
333 999 375 1028 illa
388 1000 485 1029 omnia
500 1000 534 1029 δε
548 1000 652 1037 singula
669 1002 706 1030 ita
720 999 801 1030 firma
815 1001 848 1031 &
867 999 972 1029 stabilia
994 999 1199 1036 permanebunt
1217 1007 1250 1028 ac
1270 998 1289 1027 fi

239 1035 359 1072 praesens
375 1037 456 1068 Pacis
471 1040 503 1068 δε
517 1039 662 1069 Amicitiae
677 1038 850 1068 Contractus
866 1047 1007 1075 nunquam
1029 1035 1231 1067 intervenisset.

278 1071 294 1087 ³*
315 1073 328 1104 Ι
340 1083 389 1106 ΤΕ
400 1084 444 1114 M,
463 1076 664 1114 Conventum,
682 1076 901 1107 Concordatum
914 1078 948 1107 &
961 1074 1138 1106 Conclusum
1155 1074 1195 1104 est
1211 1072 1291 1117 quod

239 1121 338 1143 neuter
350 1113 496 1144 dierorum
509 1114 689 1153 Principum,
707 1124 843 1145 eorumve
858 1124 904 1145 aut
923 1124 1024 1144 eorum
1040 1114 1150 1143 alterius
1170 1111 1294 1155 Subditi,

238 1161 373 1189 praetexru
390 1154 538 1183 occalione
552 1161 597 1183 aut
614 1154 719 1184 ratione
733 1154 813 1184 ullius
826 1153 979 1183 Sententiae
1002 1152 1056 1182 sive
1082 1150 1217 1182 Censurae
1231 1150 1291 1180 hc-

239 1190 414 1229 clefiasticae,
433 1201 497 1229 quae
513 1193 542 1222 in
557 1200 603 1222 aut
618 1201 717 1222 contra
731 1192 894 1222 alterutrum
913 1191 1080 1228 Principum
1090 1189 1290 1231 praediCtorum

240 1239 378 1260 eorumve
393 1238 438 1260 aut
454 1240 556 1261 eorum
571 1231 677 1260 alterius
695 1231 811 1268 Regna,
831 1230 951 1267 Terras,
971 1229 1110 1258 Dominia
1125 1236 1171 1257 aut
1188 1226 1290 1270 Subdi-

241 1275 301 1305 tos,
319 1277 384 1298 ante
400 1277 510 1306 tempus
525 1269 606 1307 hujus
619 1269 681 1299 initi
704 1267 881 1299 Contraetus
901 1268 980 1298 Pacis
1003 1268 1035 1298 ὅ(
1056 1265 1290 1295 Consoederatio-

241 1307 283 1335 nis
297 1317 440 1345 utcunque
456 1307 492 1337 de
500 1306 570 1345 Jure
585 1307 629 1336 vel
645 1308 680 1337 ab
695 1306 823 1337 Homine
844 1307 897 1337 lata
920 1305 1078 1344 interposita
1098 1304 1143 1334 vel
1162 1302 1289 1343 promul-

237 1353 299 1383 gata
311 1345 351 1374 est
361 1367 370 1382 ,
390 1354 436 1375 aut
451 1355 514 1383 quae
526 1345 711 1383 imposterum
729 1355 896 1383 quacunque
910 1345 945 1374 de
959 1343 1047 1373 Causa
1061 1353 1109 1381 per
1134 1351 1291 1385 quemcun-

239 1383 439 1420 queJudicem
454 1384 645 1422 cujuscunque
661 1384 845 1414 Auctoritatis
858 1407 868 1422 ,
895 1382 1038 1419 Honoris,
1066 1381 1290 1410 Praeetninentiae

238 1430 286 1452 aut
302 1422 454 1460 Dignitatis
469 1422 581 1460 existat,
601 1422 658 1452 fieri
675 1423 817 1460 interponi
833 1430 881 1452 aut
893 1420 1063 1459 promulgari
1071 1420 1228 1457 continget,
1243 1426 1290 1448 aut

238 1461 347 1490 ratione
362 1468 495 1497 praetextu
511 1461 567 1492 sive
579 1461 728 1491 occasione
746 1460 854 1490 alterius
868 1458 1056 1496 cujuscunque
1073 1458 1127 1487 Rei
1142 1456 1240 1500 Causae
1256 1456 1289 1485 si-

240 1508 278 1528 ve
295 1497 424 1529 Materiae
437 1499 546 1528 dietum
562 1508 700 1537 perpetu-„e
716 1499 795 1528 Pacis
811 1497 918 1527 Foedus
931 1518 940 1534 ,
964 1505 1010 1526 aut
1031 1497 1154 1533 aliquem
1165 1495 1292 1538 'Articu-

239 1535 300 1566 lum
316 1537 343 1565 in
363 1536 465 1567 eodem
489 1538 725 1575 comprehensum
740 1559 749 1574 ,
773 1535 890 1566 violabit
912 1535 1052 1565 diminuet
1071 1542 1120 1564 aut
1143 1532 1291 1576 dissolvet,

239 1573 390 1603 violabunt
403 1574 561 1604 diminuerit
573 1584 618 1605 aut
631 1575 800 1611 dissolvent,
819 1573 864 1604 sed
880 1575 979 1603 omnia
993 1575 1025 1604 ἃ
1050 1571 1154 1609 singula
1174 1570 1290 1600 Articu-

239 1610 282 1641 los
296 1611 424 1648 Capitula
441 1612 582 1648 praesentis
597 1611 772 1643 Contractus
789 1614 865 1649 juxta
887 1621 988 1641 verum
1008 1610 1178 1652 Tenoretm,
1203 1609 1290 1645 Vim,

238 1648 375 1679 Formam
388 1651 421 1681 δε
434 1650 608 1688 Exigentiam
623 1651 779 1681 eorundem
795 1649 962 1680 inconcusse
979 1648 1175 1678 inviolabiliter
1192 1646 1225 1676 ὅ(
1239 1648 1292 1676 bo—

239 1685 276 1718 na
291 1687 360 1718 Fide
374 1688 584 1727 observabunt,
602 1689 738 1727 quodque
752 1688 821 1718 dieti
834 1688 982 1724 Principes
997 1688 1030 1717 &
1047 1694 1148 1716 eorum
1162 1693 1290 1727 uterque,

238 1725 312 1756 infra
326 1725 400 1756 Tres
420 1726 534 1758 Menses
551 1726 616 1764 post
630 1727 739 1758 Datam
754 1726 937 1756 Praesentium
952 1747 962 1764 ,
985 1734 1086 1755 coram
1108 1722 1240 1766 Notariis
1253 1723 1287 1753 &

237 1763 373 1795 Testibus
384 1765 418 1795 ad
432 1765 460 1795 id
477 1766 628 1804 specialiter
642 1767 749 1796 vocatis
762 1766 795 1796 &
813 1763 963 1804 requisitis,
981 1772 1102 1805 necnon·
1113 1772 1141 1790 iri
1165 1760 1289 1790 Praesen-

236 1802 273 1832 tia
291 1802 445 1834 Oratorum
460 1804 516 1835 sive
529 1803 675 1842 Oratoris,
692 1803 728 1834 ad
742 1804 770 1833 id
794 1802 949 1833 videndum
970 1802 1013 1844 &.
1028 1799 1223 1843 requirendum
1242 1808 1290 1837 ΡΕΓ

239 1841 351 1871 eosdem
370 1841 516 1880 Principes
531 1851 577 1873 aut
599 1853 701 1873 eorum
723 1842 841 1872 alterum
863 1841 1016 1871 destinandi
1038 1849 1093 1869 iive
1111 1837 1292 1880 destinando-

241 1886 326 1916 rum,
345 1881 480 1911 omnibus
502 1882 534 1911 ὃ(
556 1881 665 1920 singulis
688 1881 859 1918 Privilegiis,
884 1877 1163 1920 Dispensationibus,
1181 1875 1294 1919 Cauiis,

240 1915 430 1955 Rationibus,
449 1919 633 1949 Praetextibus
648 1919 681 1949 &
695 1918 924 1953 occasionibus,
942 1926 975 1946 ac
996 1923 1080 1946 etiam
1099 1915 1156 1957 aliis
1178 1915 1292 1957 quibus-

240 1964 356 1993 cunque
366 1955 439 1993 Juris
453 1965 501 1986 aut
525 1957 603 1987 Facti
626 1956 772 1986 Remediis
791 1957 821 1986 in
842 1964 943 1993 genere
959 1954 1004 1984 vel
1027 1954 1054 1982 in
1073 1952 1178 1990 speeie,
1206 1951 1289 1981 dietis

240 1992 417 2030 Principibus
433 2003 478 2024 aut
492 2005 592 2025 eorum
606 1996 684 2026 alteri
699 1995 734 2025 de
747 1993 815 2032 Jure
830 1993 871 2023 vel
887 1994 924 2023 ab
939 1991 1088 2034 Homine,
1102 1990 1154 2020 sub
1167 1999 1294 2028 quacun-

240 2041 296 2068 que
312 2031 474 2063 Verborum
490 2033 555 2063 serie
569 2033 706 2064 concessis
722 2033 778 2063 five
792 2030 985 2062 concedendis
995 2053 1004 2068 ,
1029 2029 1142 2067 perinde
1156 2038 1188 2059 ac
1201 2028 1219 2058 si
1234 2029 1292 2064 spe-

243 2069 347 2100 cialiter
361 2070 394 2100 &
409 2072 578 2102 nominatim
592 2071 679 2102 essent
694 2072 742 2102 hic
757 2071 872 2108 inserta,
891 2079 938 2107 per
954 2079 1018 2107 quae
1034 2067 1153 2099 effeetus
1167 2067 1293 2111 Praesen-

243 2108 313 2138 tium
329 2109 548 2146 quomodolibet
559 2110 686 2148 impediri
703 2109 803 2148 possit,
823 2109 898 2147 Lege
915 2116 960 2138 aut
981 2107 1102 2137 Canone
1125 2105 1226 2143 quibus
1245 2115 1293 2136 ca-

242 2149 416 2188 veturfluod
430 2149 561 2186 generalis
575 2149 766 2180 Renunciatio
774 2147 915 2184 Privilegii
925 2145 1108 2182 Exceptionis
1125 2144 1170 2174 vel
1186 2143 1293 2187 alterius

241 2183 373 2215 Benencii
388 2185 471 2216 futuri
487 2197 545 2216 non
562 2188 647 2217 valeat
662 2189 692 2216 in
705 2188 797 2225 aliquo
810 2195 871 2215 non
881 2185 1075 2221 obstantibus,
1094 2182 1186 2221 palam
1200 2182 1292 2226 publi—

242 2224 277 2253 ce
293 2224 416 2260 expresse
431 2226 463 2255 δε
480 2228 508 2254 in
526 2225 640 2262 Scriptis
653 2234 686 2256 ex
701 2234 776 2255 certa
792 2224 915 2254 Scientia
940 2225 973 2254 &
1000 2224 1029 2251 iri
1050 2223 1109 2251 vim
1133 2221 1210 2250 Paeti
1232 2221 1292 2251 Re-

240 2263 415 2292 nunciabuiit
431 2266 463 2293 &
478 2273 577 2293 eorum
593 2273 708 2301 uterque
722 2261 915 2293 Renunciabit
926 2283 934 2297 ,
960 2268 1043 2298 prout
1066 2259 1135 2290 Nos
1158 2258 1294 2289 Oratores

241 2298 275 2330 ὃ(
291 2299 487 2330 Commissarii
510 2302 656 2338 praedicti,
677 2301 856 2331 Nominibus
877 2299 1023 2329 dictorum
1043 2297 1292 2329 Sereniffimorum

240 2336 357 2376 Regum
374 2338 551 2369 Auc'toritate
568 2339 666 2369 Nobis
682 2341 711 2368 in
726 2339 779 2368 hac
797 2348 873 2376 parte
894 2336 1038 2374 concessa,
1067 2336 1159 2373 palam
1181 2336 1294 2379 publice

241 2377 275 2407 &
293 2377 321 2405 in
337 2377 399 2406 vim
417 2376 497 2407 Paeti
512 2379 540 2407 in
557 2378 606 2407 hiis
619 2377 735 2415 Scriptis
748 2377 883 2406 omnibus
898 2374 1052 2413 &singulis
1065 2373 1225 2415 hujusmodi
1236 2373 1296 2403 Pri-

240 2413 350 2458 vilegiis
365 2414 619 2453 Dispensationibus
635 2417 668 2447 ὃς
690 2416 796 2446 caeteris
819 2413 970 2444 Praemissis
992 2423 1041 2452 per
1063 2412 1216 2442 Praeientes
1235 2411 1297 2442 Re-

240 2462 416 2483 nunciamus.

278 2488 324 2520 I'r
335 2500 404 2530 EM,
426 2492 634 2530 Convenrum,
653 2491 869 2522 Concordatum
885 2492 918 2522 &
932 2489 1110 2520 Conclusum
1133 2488 1178 2533 est.
1197 2488 1296 2526 quod,

240 2528 322 2560 dietis
339 2530 414 2561 Pace
428 2532 461 2562 &
476 2531 612 2562 Amicitia
626 2531 806 2568 durantibus,
829 2538 927 2560 neuter
950 2528 1070 2565 Regum
1093 2528 1294 2570 praedictorum

240 2567 433 2605 quovismodo
448 2570 598 2607 receptabit
615 2569 753 2599 custodiet
769 2577 815 2599 aut
830 2567 981 2604 retinebit,
999 2577 1052 2596 nec
1067 2576 1083 2596 a
1106 2566 1230 2595 Subditis
1245 2566 1294 2595 suis

241 2609 372 2644 receptari
389 2607 524 2637 custodiri
540 2608 584 2637 vel
596 2609 707 2637 retineri
720 2607 878 2646 permittet,
896 2607 1003 2642 aliquos
1016 2604 1146 2634 RebelIes
1159 2604 1214 2634 sive
1222 2603 1293 2633 Pro-

240 2644 343 2674 ditores
355 2646 502 2676 dictorum
519 2646 682 2686 Principum
697 2654 743 2676 aut
755 2656 855 2676 eorum
875 2644 985 2674 alterius
1006 2643 1041 2673 de
1061 2646 1176 2672 Crimine
1202 2642 1290 2680 Laesae

241 2681 398 2720 Majestatir
410 2683 562 2722 suspecffos,
582 2694 635 2714 nec
651 2683 810 2721 hujusmodi
827 2682 992 2712 Rebellibus
1014 2681 1059 2711 seu
1080 2680 1290 2718 Proditoribus,

240 2721 331 2756 quiin
345 2721 466 2758 aliquem
483 2723 602 2752 Locum
626 2722 809 2752 Obedientiae
830 2721 997 2757 Principum
1021 2719 1222 2757 praedictorum
1242 2719 1288 2749 seu

239 2758 350 2788 alterius
369 2770 466 2790 eorum
491 2761 689 2789 declinaverint
703 2783 712 2797 ,
737 2769 854 2797 quoquo
877 2758 966 2788 modo
986 2758 1062 2788 dabit
1079 2758 1124 2788 seu
1149 2757 1291 2795 praestabit

241 2795 420 2835 Conlilium,
441 2799 598 2835 Auxilium,
616 2797 764 2835 Favorem,
782 2796 945 2828 Subsidium
962 2805 1009 2827 aut
1022 2795 1229 2832 Assistentiam3
1246 2796 1291 2826 sed

239 2835 309 2865 infra
326 2834 435 2874 Viginti
451 2837 536 2874 Dies,
555 2836 705 2874 postquam
725 2846 772 2873 per
794 2836 897 2865 Literas
912 2835 993 2871 iplius
1010 2834 1176 2871 Principum
1191 2835 1292 2871 praedi-

236 2873 351 2903 erorum
363 2896 372 2911 ,
389 2875 466 2912 cujus
481 2875 640 2913 hujusmodi
658 2874 787 2905 Rebelles
800 2875 855 2904 sive
869 2873 1028 2903 Proditores
1041 2873 1179 2903 extiterint
1191 2896 1201 2910 ,
1224 2873 1291 2903 alter

238 2921 272 2940 ex
289 2911 464 2950 Principibus
480 2913 640 2951 hujusmodi
655 2914 797 2951 requisitus
809 2913 906 2948 fuerit,
925 2921 973 2941 eos
988 2921 1088 2941 omnes
1111 2913 1144 2942 &
1168 2911 1292 2953 singulos

240 2950 402 2981 Literarum
417 2952 574 2990 hujusmodi
588 2952 791 2990 Requisitioiiis
808 2951 918 2987 Latori,
935 2959 981 2980 aut
997 2950 1041 2979 alii
1053 2949 1089 2979 ad
1114 2950 1171 2979 hoc
1192 2958 1219 2978 in
1239 2949 1292 2979 hu-

238 2988 360 3024 jusmodi
375 2989 476 3020 Literis
490 2992 641 3021 nominato
655 2991 710 3020 sive
731 2990 865 3027 deputato
887 2988 964 3018 bona
985 2988 1040 3018 fide
1061 2988 1148 3018 tradet
1167 2986 1292 3018 restituet

240 3026 274 3055 &
290 3026 468 3066 deliberabit,
486 3029 590 3060 tradive
606 3029 758 3060 restitui&
778 3028 922 3058 deliberari
936 3026 1038 3063 faciet,
1066 3027 1116 3055 nisi
1143 3027 1176 3057 ὅτ.
1197 3034 1292 3062 quate-

240 3073 293 3094 nus
306 3064 340 3094 de
352 3066 385 3096 δε
400 3065 480 3103 super
494 3067 689 3107 Receptione,
710 3068 898 3105 Acceptione,
923 3064 1095 3094 Retentione
1117 3074 1165 3094 aut
1185 3063 1291 3094 Custo-

237 3101 283 3132 dia
299 3102 410 3140 alicuius
425 3102 481 3135 five
495 3106 653 3144 aliquorum
666 3105 828 3144 hujusmodi
844 3103 1006 3134 Rebellium
1022 3103 1076 3132 sive
1096 3101 1292 3142 Proditorum,

242 3139 273 3168 de
289 3144 403 3171 Crimine
426 3146 476 3173 Lae
491 3155 514 3172 ιε
538 3145 694 3183 Majeslatis
714 3143 905 3182 suspestorum
920 3165 930 3180 ,
961 3142 1038 3171 aliter
1061 3150 1238 3171 conventum
1257 3142 1290 3172 &

241 3179 450 3210 concordatum
478 3183 545 3213 uerit
560 3184 629 3212 inter
644 3184 787 3220 Principes
799 3181 965 3219 praedictos,
981 3188 1028 3210 aut
1041 3189 1143 3210 eorum
1156 3179 1292 3211 Oratores

239 3225 274 3246 ex
292 3226 392 3247 mutuo
405 3228 504 3249 eorum
521 3220 682 3257 Consensu,
699 3231 748 3257 per
760 3221 863 3251 Literas
877 3218 1164 3255 indentatasipsoruin
1172 3217 1290 3256 Regum

242 3254 288 3285 seu
303 3255 462 3287 eorundem
478 3257 634 3288 Oratorum
650 3258 751 3296 Sigillis
765 3259 978 3295 corroboratas,
996 3257 1164 3287 conclusum
1186 3257 1218 3287 &
1242 3257 1291 3288 de-

241 3295 421 3325 terminatum
435 3295 525 3326 fuerit.

283 3332 387 3362 ITEM
398 3355 408 3370 ,
423 3332 630 3373 Conventum,
649 3333 869 3366 Concordatum
885 3335 918 3365 ὅ(
938 3332 1113 3364 Conclusurn
1133 3332 1175 3362 est
1194 3334 1291 3374 quod,

242 3370 324 3401 dietis
343 3371 416 3401 Pace
430 3372 462 3401 &
480 3371 621 3403 Amicitiis
634 3374 814 3410 durantibus,
831 3380 927 3402 neuter
951 3371 1066 3410 Regum
1089 3371 1292 3409 praedictorum

242 3409 433 3448 quovismodo
449 3412 613 3448 receptabit,
636 3422 689 3443 nec
703 3423 718 3442 a
731 3412 858 3442 Subditis
875 3411 927 3441 suis
948 3420 1049 3440 eorum
1069 3410 1135 3440 alter
1158 3413 1292 3448 receptari

243 3449 387 3487 permittet
402 3449 506 3486 aliquos
520 3449 705 3487 Homicidas,
723 3450 808 3480 Fures
817 3472 826 3487 ,
846 3449 982 3479 Latrones
995 3458 1042 3479 aut
1053 3448 1290 3486 Transfugas,nec

243 3486 311 3517 alios
324 3486 521 3517 Malefac'tores
554 3487 715 3526 uoscunque
732 3497 767 3518 ex
781 3487 904 3518 Subditis
919 3487 1028 3517 alterius
1043 3496 1158 3523 eorum,
1177 3496 1229 3518 nec
1238 3488 1291 3518 hu-

238 3525 365 3563 jusmodi
384 3525 518 3563 Furibus,
563 3526 724 3563 atronibus,
741 3526 907 3556 Homicidis
923 3534 971 3555 aut
996 3525 1181 3563 Transfugis,
1198 3534 1246 3557 aut
1262 3537 1290 3557 a·

241 3564 283 3593 liis
303 3563 537 3595 Malefaetoribus
550 3563 764 3602 quibuscunque
779 3564 828 3601 qui
840 3565 869 3593 in
884 3563 1006 3600 aliquem
1021 3563 1138 3593 Locum
1147 3563 1293 3595 Obedien-

239 3603 287 3632 tiae
307 3602 415 3633 alterius
436 3602 599 3640 Principum
621 3602 819 3639 praedioiwrutn
842 3601 1062 3638 declinaverint,
1085 3603 1291 3639 quoquomodo

242 3640 319 3670 dabit
331 3641 377 3671 seu
392 3640 531 3678 praestabit
549 3639 726 3677 Consilium,
751 3639 910 3682 Auxilium,
935 3639 1088 3676 Favorem,
1113 3639 1292 3679 Subsidium,

242 3687 289 3708 aut
302 3678 491 3709 Affistentiam
503 3703 511 3717 ,
530 3679 575 3709 sed
593 3679 662 3708 infra
678 3678 791 3708 Decem
806 3677 877 3708 Dies
889 3678 1017 3714 proxime
1033 3678 1236 3709 &immediate
1251 3680 1293 3711 se-

244 3724 360 3753 quentes
376 3717 542 3755 postquam,
558 3728 605 3756 per
626 3717 732 3747 Literas
752 3716 823 3745 illius
846 3714 1014 3751 Principum
1035 3715 1113 3753 cujus
1134 3716 1292 3754 hujusmodi

245 3752 420 3794 Homicida,
436 3757 504 3793 Pur,
520 3756 624 3792 Latro,
641 3754 800 3792 Transfuga
813 3761 859 3783 aut
874 3751 1044 3783 Malefactor
1067 3753 1198 3785 Subditus
1222 3758 1293 3787 exti-

243 3792 350 3830 tit,aut
364 3795 444 3832 ipsius
459 3795 595 3825 Gardiani
610 3792 844 3823 Locumtenentis
856 3791 900 3821 seu
919 3790 1145 3828 Deputati,alter
1161 3802 1194 3822 ex
1210 3794 1290 3825 Prin-

243 3830 356 3869 cipibus
371 3833 530 3870 hujusmodi
547 3833 691 3870 requisitus
705 3830 785 3862 fuerit
795 3852 804 3867 ,
814 3829 971 3859 Literarum
986 3829 1144 3866 huiusmodi
1162 3830 1293 3870 Requifi-

243 3867 327 3898 tionis
345 3869 440 3900 Latori
453 3881 499 3902 aut
510 3872 554 3901 alii
568 3874 595 3901 in
612 3871 716 3900 eisdem
734 3869 833 3899 Literis
846 3868 995 3897 nominato
1011 3867 1055 3897 seu
1068 3867 1212 3907 deputam,
1223 3881 1292 3908 prae-

242 3906 335 3976 (ἓζὲἲῗ
349 3907 517 3974 Ηᾳῐιέἰείἀεε
527 3932 536 3947 ,
553 3910 635 3940 Fures
646 3909 679 3939 δε
694 3906 866 3945 Transfugas
879 3905 967 3935 tradet
981 3904 1142 3936 deliberabit
1153 3930 1164 3944 ,
1186 3909 1293 3940 tradive

305 3954 312 3973 i
334 3954 400 3974 erari
428 3955 504 3976 aciet.

279 3981 354 4011 *11-
363 3992 381 4012 Ε
392 3991 434 4019 Μ,
453 3982 657 4023 (lomentum,
672 3983 884 4016 Concordatum
898 3982 931 4012 &
944 3980 1121 4012 Conclusum
1138 3982 1178 4013 est
1192 3994 1239 4020 per
1248 3984 1292 4015 0-

243 4028 348 4090 ῐᾶῐᾶξῐθς,
362 4021 521 4090 ῗλξιιῑεῖξᾶἳῗ
538 4045 549 4061 ,
582 4024 662 4062 quod
682 4024 788 4057 Literae
807 4020 882 4054 Salvi
901 4018 1072 4052 Conduetsis
1092 4029 1141 4059 per
1160 4030 1292 4054 neutrum

299 4069 348 4092 om.
408 4082 414 4089 .
461 4081 467 4088 .
522 4081 529 4089 .

1334 147 1811 191 Pontica,
2311 170 2385 196 211

1334 347 1445 377 ditionis
1459 346 1592 385 existant,
1610 348 1660 377 iub
1677 347 1817 384 utriusque
1833 358 1879 379 aut
1893 350 2000 381 alterius
2015 363 2113 382 eorum
2133 354 2247 392 Magnis
2270 355 2388 386 Privatis

1332 394 1377 415 aut
1389 385 1568 424 Sigtietoruni
1587 386 1704 424 Sigillis,
1723 396 1777 416 nec
1791 387 1863 415 vivis
1881 386 1996 417 Vocum
2009 400 2106 420 corum
2122 393 2251 423 Oraculis
2266 401 2312 424 aut
2335 394 2385 423 ali*-

1331 432 1371 453 ter
1387 424 1637 462 qualitercunque,
1657 434 1703 461 per
1718 425 1838 454 Terram
1856 423 1911 454 sive
1925 434 1973 461 per
1998 426 2077 457 Mare
2091 451 2100 465 ,
2123 428 2285 461 durantibus
2308 431 2384 461 Pace

1332 463 1365 493 &
1379 462 1524 492 Amicitiis
1543 463 1701 499 praediStis,
1718 462 1753 493 de
1765 472 1869 493 ctetero
1887 464 2006 491 minime
2020 475 2111 494 conce
2132 476 2212 497 entur
2229 479 2273 498 aut
2288 470 2382 508 aliquo

1333 500 1423 529 modo
1442 509 1599 530 annuentur
1614 511 1662 538 per
1677 511 1778 541 eorum
1793 501 1930 537 alterum,
1949 503 1997 529 iiiii
2020 502 2053 531 ad
2075 504 2100 531 id
2125 505 2190 533 alter
2211 515 2308 536 eorum
2331 518 2381 544 per

1329 537 1445 568 alterum
1459 539 1627 569 eorumdem
1643 542 1771 578 congrue
1786 541 1813 568 in
1828 539 1941 575 Scriptis
1957 548 2105 577 requiratur
2122 543 2262 582 expresse,
2278 546 2381 576 EtCa-

1330 575 1359 605 su
1375 586 1433 614 quo
1448 577 1484 606 de
1500 587 1622 614 caetero,
1638 578 1863 616 quandocunque
1877 578 1943 607 alter
1968 578 2083 607 alterum
2108 580 2251 610 dictorum
2275 583 2380 613 Princi-

1332 624 1417 651 pum,
1433 624 1486 653 pro
1501 615 1661 653 hujusmodi
1678 615 1771 646 Literi
1791 615 1866 646 Salvi
1886 614 2063 645 Conductus
2087 617 2242 654 cuicunque
2264 621 2384 652 Subdiso

1334 653 1384 683 suo
1401 653 1649 690 quibuscunqueve
1664 653 1788 684 Subditis
1801 654 1851 683 suis
1863 653 2048 691 indulgenda,
2067 654 2094 682 in
2111 654 2228 690 Scriptis
2243 658 2273 685 ἃ
2291 661 2324 687 de
2334 660 2384 690 Fa-

1336 691 1385 720 <Sto
1402 692 1612 728 interpellaverit
1634 700 1679 722 aut
1700 693 1873 729 requiiierit,
1902 692 2016 722 stabitur
2040 692 2239 722 nichilominus
2261 695 2384 728 Arbitrio

1333 730 1366 760 &
1388 729 1535 760 Voluntati
1553 729 1691 768 Principis
1710 730 1748 760 fic
1770 730 1942 768 interpellati,
1956 741 1990 760 ari
2006 730 2166 768 hujusmodi
2188 729 2388 768 interpellatio-

1330 767 1359 796 ni
1383 767 1555 805 acquiescere
1569 789 1579 805 ,
1608 768 1749 798 Literasve
1777 768 1935 806 hujusmodi
1957 769 2029 798 Salvi
2052 767 2226 798 conductas
2243 773 2386 801 concede-

1333 815 1363 835 re
1384 806 1522 844 voluerit,
1548 814 1584 835 an
1604 806 1682 836 non?
1711 806 1863 836 secundum
1887 806 1964 844 quod
1982 807 2075 838 eidem
2098 806 2222 845 Priiicipi
2243 809 2279 837 lic
2298 811 2387 845 requi-

1332 843 1384 873 sito
1407 844 1505 874 melius
1521 844 1650 881 expedire
1666 844 1823 881 videbitur,
1839 846 1875 874 ita
1896 853 1989 875 tamen
2010 845 2089 884 quod
2110 845 2270 882 hujusmodi
2287 846 2388 877 Literae

1334 881 1407 911 Salvi
1425 881 1596 913 Conductfis
1613 883 1681 913 ultra
1695 892 1783 912 unum
1799 883 1915 912 Annum
1933 883 2070 914 duraturae
2090 884 2209 912 minime
2226 886 2386 915 conceden-

1329 928 1373 950 tur
1393 929 1399 948 :

1370 957 1489 989 Proviso
1508 967 1603 990 tamen
1627 959 1709 998 quod
1734 959 1834 990 Literae
1853 958 2057 998 supplicatoriae
2083 959 2222 996 utriusque
2240 958 2388 990 dictorum

1331 995 1500 1034 Principum
1516 997 1588 1028 Vim
1605 998 1748 1028 habebunt
1776 998 1934 1027 Literarum
1960 997 2033 1027 Salvi
2058 996 2231 1028 Conductus
2251 1007 2388 1036 eruntque

1331 1034 1496 1066 sufficientes
1510 1035 1638 1066 Roboris
1653 1045 1684 1066 ut
1700 1036 1779 1074 Ligei
1793 1036 1825 1066 &
1850 1034 1961 1065 Subditi
1985 1036 2014 1064 in
2036 1034 2138 1064 eisdem
2163 1038 2297 1066 nominati
2309 1059 2317 1074 ,
2336 1047 2387 1066 cu-

1327 1073 1484 1112 juscunque
1500 1073 1604 1105 fuerint
1621 1075 1776 1114 Dignitatis
1794 1073 1884 1103 Status
1900 1081 1946 1104 aut
1964 1072 2184 1103 Praeeminentiae
2195 1097 2203 1110 ,
2223 1074 2301 1104 liberi
2319 1076 2387 1105 tuti-

1330 1121 1386 1149 que
1405 1113 1433 1141 in
1451 1113 1532 1142 suum
1551 1112 1688 1151 Regnum
1707 1113 1793 1142 redire
1808 1113 1942 1150 poterint,
1958 1112 2060 1141 etiamsi
2077 1111 2209 1148 Princeps
2227 1112 2283 1150 ipse
2301 1114 2386 1142 iiiter-

1331 1150 1445 1186 pellatus
1460 1150 1568 1180 Literas
1586 1153 1641 1181 {iias
1657 1152 1729 1181 Salvi
1745 1149 1916 1180 Conductus
1932 1150 2038 1180 tradere
2053 1150 2169 1179 noluerit
2185 1159 2230 1179 aut
2249 1151 2387 1181 recusave-

1330 1189 1382 1225 rit,
1403 1188 1502 1218 Literis
1516 1189 1717 1219 nichilominus
1733 1188 1808 1220 Salvi
1824 1187 1997 1218 Conducstfis
2013 1197 2075 1218 ante
2092 1188 2154 1217 haec
2170 1196 2299 1225 tempora
2314 1198 2384 1218 con-

1330 1225 1411 1256 ceffis
1422 1227 1472 1256 suo
1491 1227 1592 1258 robore
1606 1228 1747 1258 duraturis.

1366 1264 1412 1294 IT
1424 1274 1441 1294 Ε
1452 1273 1479 1294 Μ
1491 1287 1500 1302 ,
1518 1264 1716 1300 Conventum,
1735 1266 1767 1295 &
1783 1264 1961 1295 Conclusum
1976 1263 2017 1295 est
2032 1264 2111 1302 quod
2128 1263 2306 1303 Honiicidae,
2327 1265 2385 1295 Fu-

1330 1312 1390 1340 res,
1412 1303 1547 1333 Latrones
1562 1304 1594 1334 &
1608 1304 1653 1334 alii
1678 1303 1876 1334 Malefat‘torcs
1897 1304 2059 1340 quicunque
2071 1325 2079 1339 ,
2098 1303 2240 1340 utriusque
2265 1304 2385 1341 Regno-

1328 1349 1392 1370 rum
1412 1341 1630 1379 praeditftorum,
1653 1341 1817 1371 durantibus
1831 1342 1914 1372 dictis
1924 1341 1998 1372 Pace
2012 1344 2045 1372 &
2060 1342 2221 1380 Amicitiis,
2241 1341 2337 1372 Modo
2351 1342 2385 1372 &

1330 1378 1435 1410 Forma
1450 1380 1629 1418 sequentibus
1643 1381 1811 1418 puniantur,

1368 1416 1526 1456 Videlicet,

1350 1455 1392 1498 *Si
1406 1458 1551 1494 contingat
1565 1457 1600 1487 de
1616 1466 1719 1488 caeteto
1729 1457 1848 1496 aliquem
1862 1456 1908 1497 vel
1924 1456 2028 1495 aliquos
2036 1456 2187 1487 Subditum
2196 1457 2240 1486 vel
2249 1456 2384 1487 Subditos

1327 1493 1398 1524 dieti
1404 1497 1480 1533 Regis
1487 1499 1580 1526 Scotiae
1589 1518 1598 1533 ,
1604 1497 1726 1534 aliquem
1735 1497 1778 1526 vel
1787 1497 1891 1534 aliquos
1898 1495 2049 1526 Subditum
2058 1496 2101 1526 vel
2109 1495 2241 1526 Subditos
2251 1496 2321 1525 dieti
2331 1498 2383 1524 Re-

1325 1535 1366 1569 gis
1373 1533 1484 1571 Anglrae
1492 1557 1501 1571 ,
1509 1535 1582 1564 infra
1591 1534 1751 1564 Marchiam
1760 1535 1864 1565 Scotiae
1871 1558 1880 1570 .,
1887 1534 1931 1563 vel
1942 1534 2058 1564 Limites
2068 1534 2259 1563 Marchiarum
2269 1533 2383 1571 Angliae

1327 1571 1464 1612 violenter
1472 1572 1639 1609 interficere,
1648 1572 1809 1604 Gardianus
1817 1572 2012 1602 Marchiarum
2019 1572 2215 1609 praedictarum
2223 1571 2330 1602 Scotiae
2339 1572 2386 1602 vel

1327 1617 1385 1645 ejus
1394 1609 1554 1647 Deputatus
1561 1610 1605 1641 vel
1614 1611 1748 1650 Deputati
1755 1621 1823 1641 cum
1832 1612 1915 1641 omni
1927 1609 2003 1640 Cura
2012 1612 2044 1640 &
2053 1610 2206 1648 Diligentia
2214 1612 2294 1640 omni
2303 1611 2384 1640 favo-

1330 1656 1360 1675 re
1375 1646 1586 1686 postposito,ac
1601 1649 1669 1678 dolo
1682 1649 1778 1679 fraude
1791 1649 1824 1679 &
1840 1648 1943 1678 sinistra
1954 1648 2384 1687 Machinationequibuicunque

1327 1685 1356 1726 in
1366 1685 1421 1715 hac
1436 1693 1512 1724 parte
1524 1687 1911 1724 ceffantibus,prosequentur
1926 1687 1959 1717 &
1975 1687 2090 1723 quilibet
2102 1687 2329 1724 prosequetur,ut
2342 1696 2382 1717 ta-

1327 1721 1360 1751 lis
1374 1721 1542 1753 Interfector
1557 1725 1603 1754 seu
1615 1723 1813 1754 Interfectores
1827 1725 1969 1761 capiantur
1991 1725 2022 1754 &
2047 1725 2183 1753 ducantur
2209 1725 2242 1753 ad
2264 1724 2382 1753 Dietam

1331 1770 1381 1797 per
1391 1760 1551 1791 Gardianos
1566 1763 1706 1798 utriusque
1715 1761 1911 1792 Marchiarum
1930 1761 1975 1790 vel
1990 1771 2037 1798 per
2052 1772 2152 1791 eorum
2164 1761 2322 1799 Deputatos
2337 1771 2385 1799 ap-

1331 1798 1561 1838 punrstuandam,
1579 1801 1644 1836 ubi,
1667 1800 1686 1829 si
1710 1809 1758 1839 per
1780 1799 1868 1839 Leges
1892 1798 2087 1829 Marchiai·um
2115 1800 2238 1837 legitime
2261 1800 2384 1829 convin-

1331 1847 1430 1868 cantur
1447 1838 1492 1867 vel
1505 1839 1600 1876 aliquis
1612 1847 1710 1867 eorum
1734 1840 1923 1868 convincatur
1938 1859 1947 1874 ,
1967 1846 2035 1867 tunc
2057 1837 2214 1867 Cardianus
2238 1836 2382 1867 Marchia-

1333 1886 1394 1905 rum
1409 1875 1515 1906 Scotiae
1532 1876 1615 1907 talem
1630 1876 1845 1907 hirci-fenerem
1861 1876 1904 1906 vel
1919 1875 2114 1905 interfec'tores
2132 1884 2162 1905 ut
2186 1876 2263 1912 supra
2280 1877 2383 1906 convi-

1333 1914 1415 1944 Ctum
1430 1915 1476 1944 vel
1490 1916 1660 1951 convictos,
1679 1914 1824 1945 Gardiano
1839 1914 2034 1944 Marchiarum
2057 1913 2166 1951 Angliae
2192 1915 2319 1943 liberabit
2335 1915 2383 1944 seu

1331 1952 1441 1982 liberari
1455 1953 1555 1990 faciet,
1572 1954 1621 1992 qui
1636 1952 1793 1983 Gardianiis
1809 1952 2001 1982 Marchiariim
2018 1952 2125 1990 Angli-:e
2141 1952 2228 1987 ipsum
2245 1952 2383 1982 Homici-

1333 1990 1398 2020 dam
1414 1991 1458 2020 vel
1473 1990 1644 2021 Homicidas
1661 1992 1696 2022 lic
1711 2000 1741 2021 ut
1763 1991 1840 2028 supra
1864 1990 2034 2020 convictum
2056 1991 2100 2021 vel
2119 1991 2266 2020 convictos
2280 1990 2313 2019 &
2333 1992 2382 2020 libi

1330 2028 1523 2066 consignatum
1535 2030 1579 2058 vel
1601 2030 1776 2066 consignatos
1791 2051 1801 2066 ,
1828 2039 1878 2066 pro
1901 2027 2061 2065 hujusmodi
2085 2027 2254 2058 Homicidio
2277 2028 2382 2058 ultimo

1331 2067 1478 2105 Supplicio
1494 2068 1729 2104 condempnabit:

1368 2105 1405 2136 Et
1420 2106 1440 2137 fi
1453 2106 1597 2144 contingat
1611 2106 1646 2136 de
1659 2114 1763 2136 caetero
1780 2103 1900 2143 aliquem
1916 2104 1960 2135 vel
1971 2102 2076 2141 aliquos
2085 2102 2236 2134 Subditum
2255 2103 2298 2133 vel
2307 2104 2381 2135 Sub-

1329 2143 1401 2174 ditos
1415 2145 1486 2174 dicti
1500 2147 1577 2181 Regis
1593 2144 1704 2181 Angliae
1718 2144 1840 2181 aliquem
1855 2143 1898 2174 vel
1911 2143 2016 2180 aliquos
2038 2141 2190 2172 Subditum
2209 2142 2252 2171 vel
2275 2142 2378 2173 Subdi-

1331 2191 1374 2212 tos
1388 2182 1455 2212 dieii
1469 2185 1546 2219 Regis
1560 2186 1671 2219 Scotiae,
1691 2183 1759 2212 infra
1777 2182 1918 2212 Marchias
1928 2181 2039 2217 Angliae
2052 2181 2094 2211 vel
2106 2181 2226 2210 Limites
2235 2179 2380 2211 Marchia-

1331 2230 1394 2250 rum
1416 2221 1524 2251 Scotiae
1540 2221 1678 2251 violenter
1692 2220 1848 2251 interficere
1860 2242 1869 2258 ,
1894 2219 2050 2249 Gardinius
2074 2218 2270 2248 Marchiai‘um
2288 2219 2380 2249 dieta-

1332 2269 1396 2289 rum
1415 2260 1523 2298 Angiiae
1537 2260 1580 2288 vel
1594 2261 1650 2296 ejus
1663 2259 1820 2296 Deputatus
1838 2259 1882 2288 seu
1895 2257 2029 2294 Deputati
2042 2280 2051 2294 ,
2069 2267 2137 2286 cum
2154 2257 2236 2286 omni
2258 2266 2324 2288 cura
2345 2258 2379 2288 &

1329 2299 1473 2337 diligentia
1485 2298 1568 2326 omni
1580 2297 1676 2327 favore
1691 2297 1864 2334 postposito,
1881 2305 1914 2326 ac
1933 2296 2001 2325 siolo
2023 2296 2116 2325 fraude
2135 2296 2167 2325 ὃς
2192 2294 2296 2324 sinistra
2319 2305 2380 2326 ma·

1332 2337 1492 2368 chinatione
1506 2337 1533 2365 in
1549 2335 1602 2365 hac
1638 2345 1693 2366 arte
1711 2336 1896 2370 cenantibus,
1915 2337 2114 2372 prosequentur
2130 2334 2162 2363 &
2181 2333 2295 2372 quilibet
2311 2344 2378 2371 pro-

1333 2375 1478 2413 sequetur,
1496 2382 1527 2404 ut
1537 2375 1594 2403 talis
1631 2373 1781 2405 nterfec'tor
1804 2374 1850 2403 seu
1871 2373 1935 2402 tales
1958 2371 2155 2402 intersediores
2178 2373 2321 2410 capiantur
2343 2373 2378 2402 &

1332 2415 1471 2444 ducantur
1484 2413 1518 2443 ad
1535 2411 1649 2442 Dietam
1665 2422 1712 2451 per
1728 2411 1887 2441 Gardianos
1904 2410 2042 2448 utriusque
2058 2410 2253 2440 Marchiarum
2267 2410 2312 2440 vel
2329 2420 2378 2447 per

1333 2462 1433 2483 eorum
1449 2450 1606 2489 Deputatos
1617 2450 1877 2489 appunetuandarn,
1896 2449 1961 2487 ubi,
1978 2449 1995 2477 ii
2011 2458 2059 2486 per
2077 2447 2165 2486 Leges
2183 2447 2379 2480 Marchiarum

1334 2491 1456 2529 legitime
1470 2491 1675 2519 convincantur
1689 2489 1733 2518 vel
1747 2488 1844 2525 aliquis
1865 2497 1963 2516 eorum
1986 2487 2189 2522 convincatur,
2212 2495 2280 2516 tunc
2303 2486 2378 2517 Gar·-

1331 2530 1429 2559 dianus
1447 2527 1643 2557 Marchiarurn
1659 2526 1769 2564 Angliae
1783 2526 1865 2555 talem
1882 2524 2094 2554 Interfeetorem
2109 2523 2153 2553 vel
2174 2525 2380 2563 interfectores,

1331 2576 1360 2598 ut
1374 2567 1450 2604 supra
1467 2564 1646 2596 Convictum
1661 2565 1704 2594 vel
1721 2563 1901 2599 convictos,
1926 2561 2072 2592 Gai-diano
2093 2561 2285 2593 Marchiarum
2308 2562 2382 2593 Sco-

1331 2607 1377 2637 tiae
1389 2605 1518 2635 liberabit
1531 2604 1575 2634 seu
1592 2603 1699 2633 liberari
1713 2602 1812 2639 faciet,
1829 2603 1874 2640 qui
1889 2601 2047 2632 Gardianus
2062 2600 2254 2641 Marchiarum
2272 2601 2378 2631 Scotiae

1329 2645 1420 2682 ipsum
1434 2642 1618 2673 Homicidam
1635 2642 1677 2671 vel
1691 2640 1860 2671 Homicidas
1875 2640 1911 2669 sic
1931 2648 1960 2669 ut
1971 2639 2046 2676 supra
2054 2637 2231 2669 Convictuni
2246 2638 2380 2670 velCon—

1330 2683 1421 2713 victos
1435 2683 1467 2711 ὃς
1483 2681 1533 2711 sibi
1550 2679 1751 2718 Consigiiatos,
1769 2688 1821 2719 pro
1838 2677 1996 2715 hujusmodi
2011 2677 2183 2708 Homicidio
2197 2677 2297 2708 ultimo
2305 2678 2379 2715 Sup-

1326 2721 1412 2761 plicio
1424 2719 1613 2750 demandabit.

1371 2759 1498 2796 lraivi,
1533 2757 1720 2787 Conventum
1744 2757 1777 2788 &
1801 2753 1978 2785 Conclusum
1999 2753 2040 2784 est
2056 2752 2135 2792 quod
2157 2752 2257 2797 Naves
2270 2751 2377 2784 Naiitae

1330 2797 1505 2828 Mercatores
1518 2805 1563 2826 aut
1581 2795 1625 2825 alii
1639 2795 1748 2825 Subditi
1761 2794 1899 2832 utriusque
1916 2793 2084 2829 Principum
2098 2792 2308 2835 praedistorum,
2324 2801 2372 2830 per

1328 2836 1448 2866 Terram
1466 2835 1549 2865 Mare
1562 2836 1595 2865 &
1611 2834 1703 2870 Aquas
1718 2832 1812 2862 dulces
1831 2840 1945 2867 euntes,
1970 2831 2177 2867 conservantes,
2202 2833 2377 2868 navigantes,

1329 2875 1504 2913 naufragium
1521 2872 1633 2912 passuri,
1651 2872 1682 2902 ὃ(
1698 2877 1897 2909 permanentes,
1911 2869 2061 2900 tractentur
2071 2869 2278 2905 &recipiantur
2295 2877 2379 2905 prout

1330 2914 1428 2943 melius
1443 2912 1551 2942 traetari
1567 2912 1598 2941 &
1616 2911 1701 2949 recipi
1712 2909 1915 2940 consueverunt
1928 2909 1957 2937 in
1967 2908 2142 2944 temporibus
2154 2907 2267 2936 aliarum
2282 2906 2381 2937 Treu-

1330 2961 1431 2989 garum
1445 2952 1478 2982 ὅ(
1496 2950 1574 2980 Pacis
1587 2949 1660 2987 prius
1675 2951 1744 2979 inter
1760 2950 1852 2978 Scotiae
1864 2945 1902 2981 ό
1916 2944 2028 2982 Angliae
2042 2948 2124 2981 Reges
2138 2946 2171 2976 &
2192 2954 2290 2974 eorum
2316 2943 2375 2975 Re-

1331 3000 1387 3027 gna
1402 2989 1535 3019 [nitarum
1556 2989 1588 3020 ὃ(
1603 2987 1825 3021 Conclusarum3
1844 2984 1882 3015 Et
1899 2985 2041 3021 praecipue
2062 2982 2327 3027 quodRrecipiantui·
2343 2985 2377 3014 δε

1331 3028 1485 3059 [ῐειᾶὶεηωῐ
1500 3028 1572 3064 juxta
1587 3028 1648 3056 vim
1662 3026 1785 3055 formam
1809 3024 1841 3054 &
1863 3022 1999 3053 effectum
2023 3021 2174 3052 Tractatus
2195 3021 2377 3057 Treugarum

1330 3067 1529 3097 conclusarum
1544 3067 1613 3094 inter
1627 3063 1772 3101 quondam
1790 3060 2012 3097 Poremffimos,
2026 3060 2151 3090 bonae&
2166 3060 2303 3096 praeclarae
2312 3059 2379 3090 Me-

1329 3106 1444 3142 moriae,
1462 3103 1596 3142 Jacobum
1609 3105 1727 3131 Tertium
1745 3103 1778 3133 &
1793 3100 1813 3119 ²*
1839 3099 2013 3128 Edwardum
2033 3098 2073 3136 Q

1329 3154 1388 3172 rum
1402 3142 1440 3178 ὠ»
1456 3141 1569 3179 Angliae
1582 3143 1663 3178 Reges
1686 3141 1722 3169 de
1744 3139 1818 3169 Data
1840 3139 1937 3175 primae
1959 3136 2027 3167 Diei
2051 3135 2157 3166 Mensis
2173 3135 2268 3174 Junii,
2292 3137 2378 3166 Anno
2392 3154 2454 3182 533,

1330 3181 1486 3212 Millesimo
1500 3178 1737 3217 Qingentesimo
1748 3177 1814 3206 lxvi.

1367 3220 1412 3250 Ιτ
1423 3229 1440 3250 E
1450 3226 1493 3255 M,
1509 3217 1696 3248 Conventum
1711 3217 1743 3246 &
1759 3213 1934 3245 Conclusum
1948 3212 1989 3243 est
2004 3212 2093 3251 quod,
2109 3213 2127 3243 si
2144 3212 2242 3250 aliquis
2258 3221 2291 3242 ex
2308 3211 2380 3241 Sub-

1329 3259 1394 3290 ditis
1405 3258 1510 3288 altetius
1527 3256 1691 3291 Principum
1709 3253 1910 3290 praedictorum
1925 3252 2077 3289 quicquam
2103 3251 2285 3293 Deprazdatus
2298 3249 2379 3279 fuerit

1329 3298 1374 3328 seu
1388 3295 1595 3331 attemptaverit
1612 3293 1681 3323 infra
1697 3292 1857 3322 Marchiam
1869 3299 1915 3320 aut
1932 3290 2054 3320 Terram
2075 3289 2181 3319 alterius
2202 3288 2286 3319 Partis
2308 3286 2374 3316 Par-

1329 3337 1401 3366 tium
1415 3334 1609 3373 praedictarum
1620 3355 1629 3370 ,
1646 3333 1679 3363 <Sc
1692 3330 1754 3368 post
1769 3329 2017 3366 Depraedationem
2031 3328 2105 3357 illam
2121 3328 2159 3369 lic
2178 3332 2373 3368 attemptatam

1328 3373 1465 3413 fugiendo
1481 3379 1631 3401 revertatur
1646 3370 1680 3400 ad
1697 3369 1860 3399 Marchiarn
1874 3367 1918 3397 vel
1933 3367 1966 3395 ad
1981 3366 2102 3407 Terram
2124 3364 2192 3393 illius
2213 3363 2301 3392 Partis
2323 3372 2374 3406 cu-

1324 3414 1370 3452 jus
1383 3410 1425 3441 est
1439 3410 1586 3446 Subditus,
1605 3408 1701 3438 licebit
1716 3407 1753 3436 illi
1770 3415 1869 3437 contra
1889 3414 1973 3442 quem
1990 3406 2033 3432 ·{ic
2057 3409 2252 3438 attemptatum
2269 3400 2375 3444 suerit,

1329 3453 1360 3481 in
1377 3449 1481 3480 recenti
1498 3447 1541 3477 vel
1558 3447 1626 3476 infra
1639 3446 1692 3476 Sex
1708 3445 1778 3475 Dies
1793 3441 1999 3479 computandos
2022 3451 2036 3470 a
2057 3448 2192 3483 ternpore·
2209 3438 2316 3481 Delidii
2334 3441 2373 3469 sic

1327 3487 1483 3525 attemptati
1501 3484 1545 3514 vel
1568 3483 1711 3514 commiffi
1727 3506 1737 3521 ,
1765 3483 1940 3512 Au6t01⁴itate
1962 3477 2097 3517 praesentis
2120 3476 2314 3520 Ordinationis
2339 3478 2374 3507 ὃς

1328 3523 1481 3557 Τιάέὶαῑῦς
1494 3523 1594 3560 absque
1609 3522 1663 3552 aliis
1678 3522 1778 3552 Literis
1790 3521 1832 3550 vel
1851 3519 1926 3549 salvo
1946 3517 2100 3560 Conduc'tu
2111 3537 2120 3552 ,
2143 3515 2273 3561 prosequi
2295 3515 2374 3546 illum

1330 3564 1565 3597 Malefaetorem3
1584 3561 1718 3598 &ipsum
1735 3559 1771 3588 sic
1794 3557 1984 3595 prosequendo
2005 3563 2104 3584 intrare
2127 3552 2202 3582 salvo
2222 3554 2255 3583 &
2278 3552 2374 3596 secu-re

1327 3603 1488 3634 Marchiam
1503 3601 1536 3630 &
1549 3599 1670 3629 Terram
1699 3598 1728 3626 in
1752 3606 1837 3634 quam
1858 3595 1949 3624 dictus
1971 3591 2140 3622 Milefaetor
2164 3592 2190 3620 se
2208 3592 2374 3628 contulerit,

1326 3639 1508 3675 dummodo,
1527 3637 1672 3675 quamcito
1685 3633 1847 3672 hujusmodi
1862 3632 2019 3663 Marchiam
2042 3629 2098 3658 sive
2120 3627 2242 3659 Terram
2264 3629 2317 3672 liae
2336 3629 2374 3672 ἀέ

1329 3680 1419 3710 Causa
1433 3677 1577 3712 introiret,
1595 3675 1673 3705 adeat
1689 3674 1812 3711 aliquem
1826 3671 1926 3701 Virum
1939 3669 2024 3698 bonae
2045 3667 2140 3710 Famae
2162 3669 2195 3698 &
2220 3666 2374 3710 Opiiiionis

1327 3719 1434 3752 illaeiae,
1452 3714 1655 3744 Inhabitantem
1670 3711 1743 3742 infra
1759 3710 1920 3750 Marchiam'
1938 3715 2023 3743 quam
2045 3710 2081 3735 iic
2101 3714 2203 3746 intret,
2225 3707 2258 3735 &
2279 3706 2373 3735 eidem

1328 3756 1451 3787 declaret
1466 3751 1586 3782 Causam
1607 3749 1735 3780 introitus
1758 3749 1813 3787 stii3
1839 3746 1986 3781 videlicet,
2009 3743 2041 3787 ad
2065 3742 2289 3786 prosequendum
2311 3742 2374 3772 De-

1329 3794 1545 3834 praedationem,
1561 3788 1752 3824 describatque
1766 3788 1799 3816 ὃς
1820 3783 1958 3823 specificet
1977 3783 2080 3825 quibus
2100 3781 2184 3811 Bonis
2208 3781 2253 3810 vel
2275 3780 2376 3811 Rebus

1328 3830 1498 3872 depraedatus
1511 3828 1555 3858 seu
1570 3826 1697 3865 spoliatus
1710 3826 1808 3860 fuerit,
1822 3832 1854 3853 ac
1877 3820 1983 3857 insuper
2005 3828 2124 3864 requirat
2145 3819 2268 3849 eundem
2293 3819 2375 3856 quod

1328 3869 1464 3909 quamdiu
1478 3864 1637 3903 hujusmodi
1654 3862 1888 3892 prosecutionem
1902 3859 1977 3888 suam
1992 3858 2089 3888 fecerit
2103 3856 2198 3887 secum
2215 3864 2267 3894 eat,
2286 3857 2376 3900 utsu-

1329 3920 1379 3947 per
1397 3906 1486 3937 Faetis
1503 3904 1553 3933 suis
1568 3911 1696 3938 tempore
1711 3902 1795 3931 dictae
1812 3897 2017 3939 prosecutionis
2029 3894 2132 3940 possit,
2151 3905 2218 3925 cum
2233 3897 2379 3933 requisitus

1329 3947 1411 3979 fuerit
1445 3946 1521 3981 super
1537 3943 1592 3971 lioc
1609 3939 1825 3969 Testimonium
1838 3935 1979 3972 perhibere
1999 3942 2124 3976 veritati3
2313 3972 2318 3977 1

1366 3968 1490 4018 Irim,
1509 3989 1578 4009 cum
1601 3978 1658 4007 huc
1681 3977 1766 4014 usque
1789 3974 1988 4004 Inhabitatores
2011 3972 2205 4003 Marchiarum
2232 3970 2380 4010 praedffia-

1329 4032 1412 4060 rum,
1433 4029 1493 4051 non
1509 4018 1599 4049 solum
1615 4016 1692 4047 clam
1712 4016 1745 4046 ὃς
1765 4013 1885 4080 οεεὸιιῐὲ
1904 4011 1949 4079 {ed
1970 4012 2054 4043 etiam
2078 4009 2169 4048 palam
2191 4010 2224 4042 &
2247 4010 2382 4078 publ‘icueg}3

2068 3106 2177 3127 uartum
2201 3107 2268 3127 tunc
2292 3101 2378 3127 Scoto-
2394 3109 2498 3135 *XIVJ
