2542 4274
98 149 179 186 216

511 127 1306 180 CONVENTIONES>

1365 124 1753 177 LITERAE‚

0 232 16 250 ¹·
30 219 74 250 D·
97 228 257 268 hujusmodi
277 225 405 257 facienda
420 224 452 256 ὃς
468 224 631 264 exequenda
646 224 768 262 fuerint,
785 223 835 254 etsi
851 222 911 252 talia
929 220 980 251 sint
998 228 1063 258 quae
1078 217 1167 248 Man-
1207 223 1248 252 ta,
1267 213 1314 244 vel
1337 211 1433 243 Feoda
1457 211 1592 257 praedffia
1616 211 1788 251 ingrediatur
1803 210 1840 243 ad
1861 211 1976 252 aliquod
1996 212 2145 246 Officium
2170 211 2279 245 ibidem
2300 195 2431 231 ΑΠῃ-Β·

0 268 46 299 34-

0 321 3 327 .
23 300 50 327 ὃ.
109 309 117 312 ⁴

101 313 343 374 lmPr’omittentes
363 340 471 380 insuper
488 341 557 372 Nos
570 342 647 371 bona
661 340 731 370 Fide
747 340 780 370 δι
795 340 825 368 in
840 335 941 366 Verbo
959 334 1054 372 Regio
1068 332 1168 375 omnia

103 387 135 416 ὅ(
152 382 253 419 lingult³
267 405 276 418 ,
294 389 357 418 quae
373 389 422 418 per
437 381 484 410 Te
500 382 527 409 in
546 378 696 410 Praemiffis
713 387 760 408 aut
775 379 899 419 circa-ea
913 373 987 403 faistai
1006 374 1039 403 δε
1055 370 1170 408 expedi-

103 432 129 453 ta
149 421 269 455 fuerint,
289 419 361 448 Rata
376 418 465 449 Grata
479 420 511 449 &
531 419 626 449 Firma
644 419 782 455 perpetuo
798 415 951 457 habituros.
967 450 972 454 Ι

144 459 174 489 In
194 459 273 496 cujus
289 458 329 487 rei
339 457 555 488 Testimonium
572 457 751 497 praesentibus
766 453 867 482 nostris
887 448 1099 492 LiterisnManu
1117 457 1171 490 no-

106 498 159 529 stra
183 497 295 536 propria
316 496 425 536 signatis
440 496 572 534 Sigillum
589 494 719 525 nostrum
736 491 880 530 Magnum
899 497 1002 528 apponi
1024 486 1173 517 mandavi-

108 547 182 567 mUS.

148 612 217 643 Dat.
240 611 313 649 apud
327 614 438 649 Regiam
454 610 569 650 nostram
583 606 778 644 Str-ivelingen.
793 606 881 636 Sexto
896 603 955 647 Dje
973 602 1079 633 Mensis
1090 599 1176 639 Julii,

109 651 198 681 Anno
220 651 347 682 Domini
376 650 532 680 Millelimo
559 645 800 686 Qringentesimo
821 644 985 674 Tricelimo
1006 649 1125 680 quarto,
1142 639 1175 669 ὅ(

111 689 207 729 Regni
223 689 311 720 nostri
329 688 475 720 Vicesimo
490 688 595 727 primo.

683 758 862 799 JAMEs
899 758 1013 789 Rex.

805 835 896 874 sigillo
913 833 1010 873 avulfh

212 970 270 999 Pro
299 965 501 1008 Univeifitate
529 960 723 1008 Cantabrigiae
741 959 776 992 de
793 961 930 992 Licentia
945 956 1081 1003 concqffa.

0 1068 38 1089 m-
48 1057 89 1088 D.
120 1049 252 1107 REX
272 1051 427 1095 omnibus,
445 1049 479 1079 ad
497 1058 584 1087 quos,
601 1048 665 1091 &a
682 1046 819 1089 Salutem,
849 1083 853 1088 ,
1100 1081 1105 1087 ι
1159 1081 1165 1087 ⁴

0 1105 65 1134 534.
234 1089 332 1120 Sciatis
352 1090 448 1128 quod,
467 1088 503 1117 de
524 1086 622 1116 Gratia
636 1084 729 1116 nostra
745 1083 854 1121 speciali
870 1092 902 1113 ac
918 1091 952 1112 ex
968 1089 1043 1112 certa
1057 1080 1182 1111 Scientia

6 1157 10 1161 ,
32 1137 77 1163 26,
117 1127 150 1157 &
165 1137 246 1158 mero
263 1127 350 1158 Motu
378 1127 491 1162 nostris,
517 1123 719 1156 Conceisiinus
739 1123 772 1153 &
797 1122 957 1152 Licentiam
972 1119 1131 1156 Dedimus,
1145 1129 1179 1150 ac

15 1173 42 1201 8,
139 1176 169 1196 er
193 1165 344 1196 Praesentes
367 1164 567 1194 Concedimus
588 1164 621 1193 ὅ(
650 1161 810 1192 Licentiam
831 1160 946 1191 Damus
960 1169 1013 1196 pro
1030 1158 1128 1189 Nobis
1148 1161 1181 1189 δε

0 1219 18 1237 ι,
28 1213 74 1242 26,
152 1205 287 1233 aeiedibus
301 1203 417 1241 nostris,
436 1203 556 1234 Dilectis
572 1201 669 1231 Nobis
682 1201 711 1229 in
729 1198 847 1229 Christo
861 1197 1028 1228 cancellario
1042 1200 1122 1235 Magi
1146 1200 1183 1226 ris

9 1249 37 1277 8,
116 1241 153 1277 ὠ
167 1241 312 1272 Scolarlbut
326 1241 518 1281 Univerfitatis
531 1239 625 1278 nostrae
643 1238 839 1276 Cantebrigiae,

6 1297 31 1313 2.
155 1280 245 1318 Qod
263 1280 315 1319 {pii
332 1281 364 1310 δε
383 1280 560 1310 Succeffores
574 1278 613 1307 sui
629 1280 857 1316 imperpetuum,
876 1285 925 1314 per
940 1284 1041 1305 eorum
1057 1274 1181 1312 Scripta,

14 1334 56 1360 ¹4-
116 1319 166 1349 sub
187 1319 287 1357 sigillo
310 1318 477 1349 Cancellarii
489 1318 575 1348 dieite
592 1316 791 1347 Univerlitatis
807 1315 935 1354 sigium,
952 1315 987 1345 de
1005 1323 1135 1352 tempore
1150 1315 1178 1342 in

116 1366 243 1393 tempus,
264 1356 408 1395 Affignent
423 1355 534 1395 Eligant
549 1356 581 1386 &
598 1365 650 1393 pro
669 1362 805 1392 perpetuo
1136 1351 1183 1390 se,

115 1396 147 1425 ὅ(
173 1395 242 1425 iufra
267 1395 487 1425 Universitatem
507 1393 633 1424 nostram
648 1393 811 1430 praedicstam
829 1400 965 1430 perpetuo
981 1389 1132 1421 Manentes
1147 1392 1180 1422 ὃ(

113 1432 321 1470 luhavitantes,
340 1433 413 1464 Tres
431 1436 610 1464 stationarios
627 1434 659 1464 &
676 1432 820 1461 Librorum
836 1430 1003 1469 Impreffires
1012 1429 1063 1469 seu
1080 1429 1179 1459 Vendi-

111 1479 182 1501 tores
207 1481 264 1503 tarn
291 1472 471 1510 Alienigenas
484 1473 517 1502 ὃς
534 1470 627 1501 Natos
640 1480 717 1502 extra
732 1469 938 1501 Obedientiam
954 1468 1082 1499 nostram
1093 1491 1102 1506 ,
1120 1477 1178 1498 tam

111 1512 300 1551 conduetitias
315 1521 399 1550 quam
416 1512 542 1549 proprias
560 1510 676 1541 Domus
692 1509 826 1540 habentes
840 1510 873 1540 &
888 1508 1054 1544 Tenentes,

152 1551 213 1587 Qui
248 1550 341 1580 uideni
357 1553 520 1580 stationarii
538 1549 593 1578 sive
608 1546 774 1588 Impreffizres
792 1547 938 1577 Librorum
955 1548 984 1577 in
1000 1547 1092 1577 forma
1107 1554 1177 1583 prae-

111 1587 186 1618 dieta
205 1592 229 1618 ai
245 1590 330 1628 ignati
355 1590 389 1620 &
408 1597 509 1619 eorum
525 1587 658 1624 quilibet,
674 1586 863 1617 omnimodos
878 1585 995 1621 Libros,
1015 1595 1064 1623 per
1076 1584 1178 1622 praedi-

113 1627 174 1657 &os
197 1627 395 1657 cancellarium
410 1627 455 1658 vel
471 1629 528 1664 ejus
543 1628 571 1655 V
573 1629 620 1655 ices
634 1633 770 1662 gerentem
786 1626 819 1657 &
830 1624 905 1654 Tres
923 1624 1051 1653 Doctores
1069 1623 1177 1653 ibidem

112 1667 281 1704 approbatos
297 1665 341 1696 seu
357 1665 545 1702 imposterum
561 1665 757 1703 approbandos
767 1687 776 1700 ,
796 1662 903 1693 ibidem
919 1662 1103 1701 Imprimere,

149 1703 187 1733 Et
200 1714 259 1733 tarn
271 1704 374 1734 Libros
389 1704 448 1733 illos
458 1713 543 1742 quarn
551 1702 618 1733 alios
625 1702 728 1731 Libros
742 1703 928 1739 ubicumque,
935 1709 992 1731 tam
1007 1700 1076 1731 infra
1093 1708 1177 1737 quam

114 1750 191 1772 extra
208 1741 347 1780 Regnum
361 1742 508 1778 nostrum,
528 1739 696 1779 impreffos,
711 1740 768 1779 fic,
787 1748 817 1769 ut
835 1740 1014 1777 praedicitur,
1027 1743 1073 1776 per
1085 1738 1179 1768 dictos

115 1780 310 1810 Cancellarium
329 1780 375 1811 seu
398 1781 456 1819 ejus
478 1783 506 1810 V
506 1783 703 1817 icemgerentem
723 1779 757 1810 &
780 1780 844 1807 Tres
861 1779 992 1821 Dollqres
1006 1778 1115 1808 ibidem
1129 1786 1176 1814 ap-

0 1844 72 1873 ffi’·
115 1819 423 1897 fiz‘ffiffissfflqlss
437 1815 1179 1897 {1252}1153555‘33323033³33p33ss‘3120fi‘311555333}

0 1894 26 1919 4·
114 1895 160 1926 seu
175 1896 260 1926 valeat
275 1897 308 1926 ὃς
323 1897 457 1933 impune,

154 1934 192 1964 Et
208 1933 287 1972 quod
307 1934 393 1964 iidem
410 1933 571 1964 Stationarii
586 1932 642 1962 five
660 1931 859 1974 Impreflores,
886 1932 971 1962 etiam
989 1940 1065 1962 eictra
1091 1929 1177 1959 Obe-

111 1972 245 2003 dientiam
261 1973 385 2002 nostram
399 1972 513 2003 oriundi
531 1980 561 2001 ut
575 1970 748 2008 praedicitur,
767 1971 799 2001 &
814 1980 914 2000 eorum
929 1970 1058 2008 quilibet,
1074 1976 1176 2007 quam-

110 2011 158 2041 diu
172 2012 243 2042 infra
262 2010 484 2042 Univerfitarem
501 2008 668 2048 praedidhim
685 2008 806 2039 Moram
824 2010 972 2047 traxerint,
989 2008 1022 2037 &
1040 2007 1175 2045 Negotio

108 2050 243 2088 praediolo
259 2049 459 2087 intendant,iii
475 2049 611 2079 omnibus
626 2048 659 2077 &
676 2056 723 2084 pei·
737 2048 836 2078 omnia
848 2056 982 2085 tanquam
996 2046 1176 2077 fidele-{Sub-

105 2089 156 2118 diti
174 2090 206 2119 ὃς
223 2088 304 2126 Ligei
321 2088 408 2118 nostri
424 2096 585 2126 reputentur
602 2086 755 2116 habeantur
769 2085 803 2116 &
823 2087 1039 2124 pertraCtentur‚
1062 2094 1096 2114 ac
1111 2086 1175 2124 qui-

103 2127 171 2156 libet
193 2136 292 2157 eorum
314 2126 445 2157 habeatur
469 2128 502 2157 &
522 2125 724 2163 pertractetur,
747 2133 780 2154 ac
796 2126 932 2155 omnibus
947 2125 980 2154 &
994 2124 1106 2161 singulis
1125 2126 1174 2154 Li-

103 2165 270 2202 bertatibus‚
285 2164 563 2201 consuetudinibus,
578 2163 699 2201 Legibus
714 2164 748 2194 ὃς
766 2162 925 2200 Privilegiis
941 2164 1061 2201 gaudere
1079 2163 1175 2201 poffit,

105 2214 139 2234 ac
164 2206 235 2233 Lott
258 2205 291 2234 ὃς
311 2207 403 2242 Scott,
422 2202 503 2234 Taza
518 2203 671 2240 Tallaigia,
688 2201 722 2232 &
736 2201 801 2232 alias
816 2201 1043 2232 Consuetudines
1063 2203 1096 2232 ὅ(
1115 2202 1175 2232 Im-

104 2242 253 2282 politiones
277 2242 486 2280 quascumque,
503 2252 563 2272 non
577 2241 654 2272 aliter
673 2249 725 2270 nec
741 2241 797 2271 alio
816 2241 906 2271 modo
922 2250 1010 2278 quam
1026 2242 1123 2270 caeteri
1141 2240 1173 2270 fi-

105 2280 180 2311 deles
202 2280 313 2311 Subditi
336 2282 369 2312 ὃς
395 2281 475 2321 Ligei
498 2279 589 2312 nostri
605 2278 705 2309 Nobis
717 2278 831 2310 solvunt
850 2281 883 2310 &
898 2280 1105 2318 contribuunt,
1122 2279 1177 2310 sol-

107 2328 176 2351 vant
192 2319 225 2349 &
245 2320 445 2357 contribuant,

148 2357 256 2396 Aliquo
270 2357 399 2397 statuto,
414 2359 476 2390 &c.

142 2395 263 2427 Proviso
278 2395 387 2433 semper
401 2396 480 2434 quod
500 2395 571 2426 dicii
585 2399 747 2427 stationarii
761 2395 817 2425 sive
830 2393 993 2433 Impreffbres
1005 2402 1084 2425 extra
1092 2394 1176 2426 Obe-

105 2433 240 2465 dientiam
262 2433 389 2465 nostram
413 2434 451 2464 {ic
470 2442 500 2464 ut
515 2437 694 2472 praemittitur
713 2434 842 2469 oriundi,
860 2434 960 2463 omnia
974 2434 1008 2464 &
1027 2434 1176 2470 omnimo-

108 2474 143 2503 da
163 2473 331 2510 Custumas,
348 2472 473 2513 Sublidia
497 2473 530 2502 δε
549 2473 599 2502 alia
614 2473 740 2503 Deveria
757 2479 809 2508 pro
827 2470 926 2500 Rebus
941 2473 974 2502 &
989 2470 1175 2501 Mercandisis

108 2512 178 2549 suis,
194 2520 269 2542 extra
290 2511 337 2542 vel
353 2512 422 2541 intra
439 2509 577 2546 Regnum
595 2510 727 2540 nostrum
743 2509 905 2540 Educendis
920 2508 976 2539 sive
990 2508 1177 2547 Inducendis,

110 2549 209 2579 Nobis
229 2550 324 2580 debita
338 2572 347 2586 ‚
373 2548 409 2579 de
434 2557 561 2584 tempore
583 2551 613 2579 in
633 2558 745 2590 tempus
766 2547 874 2578 solvant
895 2557 979 2585 prout
999 2548 1174 2587 Alienigenae

110 2587 210 2619 Nobis
226 2588 338 2617 solvunt
353 2587 385 2617 &
402 2597 460 2618 non
476 2587 563 2618 aliter.

149 2626 184 2657 In
202 2626 298 2664 cujus,
317 2626 377 2656 &c-

149 2702 240 2734 Teste
255 2702 334 2742 Rege
351 2702 425 2742 apud
439 2701 715 2744 W’stmonasterium,
732 2702 867 2734 vicesimo
885 2701 945 2732 Die
955 2701 1033 2740 Julii.

563 2781 617 2808 Per
631 2782 723 2809 Breve
736 2779 769 2808 de
783 2781 904 2809 Privato
920 2777 1019 2816 sigillo.

410 2906 469 2936 Pro
493 2903 716 2951 Archiepifiopo
735 2901 884 2938 Eborum.

0 3009 38 3027 m,
52 2997 94 3027 D,
119 2989 205 3047 RE
216 2988 246 3019 Χ
266 2989 401 3018 omnibus
415 2987 449 3018 ad
463 2998 534 3026 quos
544 3011 552 3025 ,
569 2988 620 3019 &c
649 2989 783 3033 Salutem.

2 3045 58 3075 534
223 3027 267 3073 ln
283 3036 322 3071 sp
333 3036 349 3056 E
361 3035 484 3070 ximus
512 3026 630 3071 Cariam
654 3028 777 3058 Domini
796 3028 834 3057 E.
859 3035 949 3066 nuper
973 3029 1050 3066 Regis
1066 3026 1177 3066 Angliae

0 3094 16 3103 ,,
36 3078 79 3102 26,
120 3067 227 3105 §Quarti
243 3066 299 3096 Ανι
315 3065 404 3095 nostri
415 3065 519 3096 saritam
535 3075 566 3095 in
580 3066 643 3097 haec
658 3068 762 3105 verba,

0 3117 59 3178 ἰή).

20 3191 62 3225 38.

157 3143 330 3180 Edwardus,
350 3141 407 3172 Dei
429 3141 527 3172 Gratia
563 3145 623 3172 Rex
646 3142 761 3181 Angliae
782 3142 820 3178 ὠ·
845 3144 968 3173 Franciae
989 3140 1027 3176 ὠ·
1049 3146 1181 3173 Dominus

121 3183 258 3212 Hiberniae
275 3180 516 3225 Archiepiscopis,
533 3165 696 3220 Episcopis,
715 3181 888 3220 Abbatibus,
905 3180 1067 3219 Prioribus,
1088 3182 1182 3212 Duci-

122 3223 188 3257 bus,
208 3220 394 3257 Comitibus,
409 3217 580 3256 Batonibus,
597 3219 775 3257 Jiisticiariis,
792 3219 1033 3258 Vicecomitibus,
1049 3221 1185 3258 Praepofi·

120 3260 169 3295 tis,
189 3258 343 3295 Ministris,
361 3259 395 3289 &
419 3257 555 3287 omnibus
570 3257 677 3288 Ballivis
693 3258 726 3289 &
742 3258 765 3288 F
768 3258 883 3289 idelibus
895 3257 965 3295 suis,
984 3259 1119 3289 Salutem.

157 3299 254 3328 Sciatis
276 3295 353 3335 quod
370 3295 456 3333 Nos,
473 3294 509 3325 de
525 3295 625 3326 Gratia
639 3296 733 3327 nostra
747 3296 876 3334 speciali,
896 3295 1115 3334 Conceffimus,
1131 3306 1183 3334 pro

121 3333 219 3365 Nobis
240 3336 273 3366 &
298 3333 466 3365 I-laeredibus
487 3334 604 3373 nostris,
620 3344 758 3373 quantum
782 3338 811 3366 in
832 3333 931 3364 Nobis
950 3334 1008 3373 est,
1032 3335 1182 3366 lVillielmo

123 3373 323 3412 Archiepifcopo
338 3373 476 3410 Eburum,

161 3412 251 3448 Quod
274 3411 351 3449 Ipse,
370 3412 402 3442 ὅ(
418 3410 597 3441 Succeffores
612 3412 650 3442 sui
665 3410 771 3442 Archie
792 3410 878 3450 iscopi
893 3411 1025 3442 Eborum
1041 3413 1182 3451 imperpe-

123 3455 221 3486 tuum,
237 3450 372 3488 habeant,
392 3459 438 3487 per
459 3448 598 3480 Ballivum
621 3450 721 3489 suum,
739 3460 774 3480 ve
807 3459 857 3488 per
880 3449 1097 3488 Ballivos‘fiios,
1118 3450 1179 3480 Re-

123 3494 239 3516 tornum
259 3489 392 3518 omnium
412 3487 563 3526 Brevium,
585 3487 810 3525 Mandatorum,
827 3488 1061 3528 Praeceptorum,
1078 3491 1111 3520 ὃς
1126 3488 1183 3518 Bil-

124 3524 212 3569 larum
236 3525 401 3556 nostrorum
425 3525 582 3557 Haeredum
597 3528 630 3557 &
645 3525 850 3557 Successorum
865 3526 1049 3564 nostrorum,
1067 3537 1181 3557 necnon

125 3564 356 3592 omnimodarum
378 3564 647 3595 Summonitionum
670 3565 706 3594 de
730 3565 883 3595 Scaccario
908 3565 1006 3595 nostro
1029 3567 1061 3596 ὃς
1079 3565 1182 3596 Haere-

124 3600 194 3630 dum
218 3600 380 3630 nostrorum
403 3603 435 3633 &
458 3604 576 3634 aliorum
598 3603 783 3633 EXtratstuum
807 3612 1057 3642 quorumcumque
1071 3626 1081 3640 ,
1107 3603 1183 3634 Exe-

125 3638 303 3675 quendorum
324 3639 395 3669 infra
417 3640 460 3669 vel
482 3641 561 3678 super
582 3642 681 3671 omnia
701 3642 734 3672 &
758 3641 863 3679 singula
886 3640 1045 3681 Dominia,
1061 3641 1183 3679 Terras,

126 3675 306 3707 Tenementa
326 3677 359 3707 &
384 3677 479 3708 Feoda
494 3680 561 3710 dieti
578 3679 774 3719 Archiepifiopi
787 3681 820 3711 &
835 3679 1039 3710 Succefforum
1050 3678 1184 3717 suorum,

127 3720 184 3742 tam
210 3715 243 3760 ad
266 3715 380 3746 Seetam
404 3716 529 3747 nostram
550 3718 709 3748 Haeredum
730 3719 763 3748 &
784 3717 984 3748 Succefforum
1001 3718 1184 3756 nostrorum,

128 3760 177 3816 Ber
200 3752 267 3782 Ixos
288 3753 428 3784 Haeredes
449 3756 494 3784 vel
510 3755 692 3787 Successores
710 3755 821 3786 nostros
843 3757 1022 3794 conjunctim
1038 3766 1107 3786 cum
1126 3757 1183 3786 aliis

154 3789 255 3829 erfonis
275 3790 320 3820 vel
345 3792 397 3822 alia
422 3792 543 3824 Persona
563 3805 650 3835 quam
669 3794 703 3825 ad
725 3795 839 3825 Sectam
854 3795 962 3825 alterius
977 3795 1182 3834 cujuscumque

125 3828 378 3864 prolequendorum
385 3852 395 3867 ,
1032 3842 1033 3845 ’

166 3863 202 3893 Et
217 3866 396 3898 omnimodas
410 3866 599 3901 Executiones
612 3871 744 3901 Brevium
785 3870 1182 3910 Mandatorum,Praecepto-

127 3910 192 3945 rum
209 3923 219 3937 ,
243 3901 386 3942 Billarum,
406 3906 676 3948 Summonitionum
699 3909 732 3939 ὃς
754 3893 937 3940 ΪΞλττιὶὲὶυυιῃ
963 3909 1187 3948 Ρηεάἰᾶοηιῐη,

127 3948 164 3969 ira
188 3939 264 3976 quod
285 3941 375 3970 nullus
392 3942 561 3974 Vicecomes
578 3946 693 3977 Ballivus
706 3947 750 3977 vel
768 3948 835 3977 alius
852 3947 986 3977 Minister
1001 3948 1096 3978 noster
1113 3946 1186 3978 Hae-

126 3976 228 4008 redum
244 3977 290 4009 vel
312 3978 512 4012 Succefforum
526 3983 689 4015 nostrorum
703 3984 862 4024 Dominia,
880 3986 1000 4024 Terras,
1015 3986 1186 4017 Tenemen-

99 271 194 299 datum
219 268 255 298 de
277 267 303 296 se
325 266 413 304 magis
433 265 549 302 exigant
562 263 682 303 speciale
698 272 785 302 quarn
803 261 991 293 Praesentibus
1004 258 1044 288 est
1059 266 1169 295 expres·
1206 250 1385 288 faciendum,
1405 251 1455 281 nifi
1480 261 1511 281 in
1533 249 1661 282 Defeeku
1684 250 1761 290 ipfius
1782 250 1981 291 Archiepifiopi
2000 252 2047 284 vel
2071 253 2278 284 Succefforum
2320 246 2404 278 1534—

1210 292 1328 322 suorutn
1344 290 1389 319 vel
1405 289 1504 319 Ballivi
1521 289 1561 319 sui
1576 299 1625 320 aut
1641 289 1815 320 Ballivorum
1830 289 1964 329 suorum,
2299 283 2364 306 Hm·
2385 277 2415 307 ⁸·

1222 357 1224 359 ,
1245 329 1284 359 Et
1307 328 1385 366 quod
1404 328 1483 359 idem
1497 327 1718 367 Archiepifiopus
1733 329 1766 359 &
1782 327 1964 359 Succeffores
1976 329 2016 359 sui
2033 330 2160 367 praediffl
2177 331 2282 370 irnper-

1211 376 1331 405 petuum
1352 366 1472 397 habeant
1493 368 1663 397 omnimoda
1686 366 1765 396 Bona
1787 365 1821 396 &
1842 364 1949 396 Catalla
1962 371 2097 398 omnium
2119 369 2284 401 Hominum

1211 408 1245 436 &
1259 405 1439 435 Tenentium
1454 405 1586 443 suorum,
1604 415 1665 436 tam
1680 403 1881 435 Residentium
1898 413 1983 442 quam
2000 415 2061 436 non
2077 408 2286 447 Refidendum,

1213 454 1246 474 ac
1269 444 1390 473 aliorum
1410 443 1606 474 Residentium
1630 452 1902 482 quorumcumque,
1922 443 1995 473 infra
2019 445 2063 475 vel
2084 446 2165 484 super
2189 449 2287 478 omnia

1213 484 1246 513 ὃς
1274 482 1380 520 singula
1400 482 1557 520 Dominia,
1574 482 1694 519 Terras,
1711 482 1893 512 Tenementa
1916 482 1949 512 &
1973 481 2067 512 Feo'da
2082 486 2219 521 praedidia
2233 496 2286 525 pro

1212 520 1399 554 proditione,
1418 520 1551 557 Felonia‚
1570 519 1768 558 Contemptu,
1784 518 2025 558 Transgressione,
2045 520 2171 562 Debito,
2187 524 2284 555 Com-

1214 569 1285 597 poto
1308 559 1353 590 vel
1371 559 1422 589 alia
1449 558 1610 589 Occalione
1630 560 1676 589 seu
1699 557 1791 588 Causa
1812 568 2013 596 quacumque,
2039 557 2098 590 tam'
2114 562 2148 592 ad
2165 562 2283 593 Sedhm

1216 598 1341 628 nostram
1362 597 1522 628 Haeredum
1546 596 1593 627 vel
1615 596 1818 627 successorum
1835 596 1999 627 nostrorum
2010 619 2020 635 ,
2036 605 2084 636 per
2100 598 2170 630 Nos
2183 600 2286 632 Haere-

1217 638 1265 667 des
1282 637 1325 667 vel
1343 636 1524 667 Successores
1538 635 1652 665 nostros
1665 635 1752 673 seim,
1771 635 1815 665 vel
1829 644 1878 674 per
1894 635 1980 674 Nos,
1998 635 2139 667 Haeredes
2152 639 2197 668 vel
2212 639 2285 671 Suc-

1219 674 1343 706 cessores
1363 675 1474 705 nostros
1497 675 1677 711 conjuuffim
1701 683 1770 704 cum
1794 673 1853 703 aliis
1874 672 2001 705 Personis
2025 676 2070 705 vel
2084 676 2136 707 cilia
2151 676 2288 718 Persona,

1217 724 1302 752 quarn
1315 714 1349 743 ad
1362 713 1476 744 Sedbam
1494 714 1603 744 alterius
1618 712 1839 752 cujuscumque,
1860 711 2066 750 Utlagatorum
2077 738 2086 753 ,

1256 753 1300 783 Ac
1313 753 1399 783 etiam
1413 752 1581 783 omnimoda
1596 751 1672 781 Bona
1687 752 1719 782 δε
1734 750 1841 781 Catulla
1856 753 1987 782 omnium
1996 752 2160 784 Hominum
2178 755 2210 785 ὃ(
2225 754 2288 787 Te-

1219 793 1350 821 nentium
1374 793 1505 830 suorum,
1523 799 1582 822 tam
1606 789 1804 820 Refidentium
1818 799 1903 829 quam
1919 801 1979 820 non
1998 792 2196 823 Residentium
2212 803 2286 832 prae-

1218 831 1364 861 diciorum
1381 830 1524 860 Felonum
1540 830 1576 861 de
1589 829 1695 866 seipsis,
1713 838 1745 858 ac
1761 828 1880 858 aliorum
1896 829 2036 861 Felonum
2050 832 2084 863 &
2099 832 2287 864 Proditorum

1221 878 1475 907 quorumcumque
1493 869 1691 907 Fugitivorum
1709 866 1959 906 Dampnatorum,

1262 910 1306 938 Ac
1333 909 1431 938 omnia
1460 907 1537 937 Bona
1561 907 1593 937 &
1620 905 1727 936 Catalla
1739 906 1874 935 omnium
1889 905 2051 944 hujusmodi
2065 906 2235 940 Hominum
2251 911 2285 942 δε

1220 946 1399 977 Tenentium
1422 945 1619 977 Residentium
1644 945 1677 976 &
1695 953 1754 974 non
1772 943 1987 982 Residentium,
2005 954 2040 976 ac
2055 946 2175 978 aliorum
2192 949 2287 988 hujus.

1220 985 1301 1016 modi
1318 984 1513 1016 Residentium
1530 984 1782 1023 quorumeumque
1793 1005 1802 1020 ,
1820 991 1879 1013 tarn
1895 981 2055 1014 Confiscata
2071 994 2156 1022 quam
2172 986 2287 1020 Confis-

1220 1025 1325 1062 canda,
1349 1025 1385 1054 ita
1412 1023 1488 1063 quod
1513 1024 1532 1053 si
1553 1023 1650 1060 aliquis
1669 1020 1830 1059 hujusmodi
1854 1020 2019 1051 Hominum
2042 1024 2086 1052 vel
2109 1024 2287 1059 Tenentium

1222 1062 1419 1094 Relidentium
1440 1063 1485 1093 vel
1510 1072 1570 1093 non
1590 1061 1791 1091 Residentium
1804 1067 1851 1090 aut
1863 1059 1984 1090 aliorum
1998 1060 2218 1102 praediCtorum‚
2235 1076 2287 1104 pro
2303 1084 2388 1104 *mv

1221 1112 1400 1140 quacumque
1419 1104 1432 1118 ¹‘
1448 1101 1565 1131 Felonia
1579 1101 1624 1130 vel
1640 1109 1692 1137 pro
1703 1100 1754 1129 alia
1769 1098 1921 1129 occafione
1938 1099 1982 1129 vel
1997 1098 2077 1129 causa
2090 1108 2287 1143 quacumque,
2332 1096 2372 1114 Μ
2385 1088 2416 1116 f’

1223 1141 1320 1171 Vitam
1334 1141 1379 1170 vel
1396 1139 1567 1170 Membrum
1583 1140 1712 1169 amittere
1728 1138 1841 1177 debeat,
1864 1138 1908 1167 vel
1926 1137 2038 1175 Fugerit
2053 1138 2087 1168 ὃ(
2099 1138 2218 1177 Judicio
2234 1142 2288 1174 sta·
2303 1133 2320 1160 5
2322 1134 2359 1161 45
2362 1146 2369 1152 ·

1223 1189 1254 1209 re
1275 1180 1413 1215 noluerit,
1431 1179 1487 1209 {ive
1510 1177 1659 1216 Utlagatus
1677 1177 1777 1214 fuerit,
1796 1186 1843 1206 aut
1854 1175 1968 1214 aliquod
1980 1175 2054 1207 aliud
2070 1176 2220 1209 Delidium
2243 1182 2290 1213 vel

1226 1217 1436 1253 Forisfa&um,
1455 1217 1510 1247 five
1534 1215 1647 1254 aliquod
1671 1215 1743 1246 aliud
1766 1215 1866 1245 fecerit
1890 1224 1944 1252 pro
1967 1224 2027 1252 quo
2042 1214 2121 1246 Bona
2138 1217 2171 1247 ὅτ,
2185 1217 2292 1253 Catalla

1222 1256 1267 1287 sua
1283 1256 1398 1295 perdere
1417 1256 1535 1292 debeat,
1554 1256 1730 1292 ubicumque
1745 1253 1861 1291 justitia
1871 1253 1907 1283 de
1921 1263 1957 1283 eo
1971 1253 2037 1284 inde
2050 1253 2108 1284 fieri
2122 1255 2239 1296 debeat,
2256 1258 2290 1289 fi-

1223 1305 1259 1325 ve
1281 1297 1312 1326 lit
1336 1304 1435 1325 coram
1457 1295 1557 1325 Nobis
1570 1293 1741 1323 Haeredibus
1755 1293 1798 1323 vel
1811 1291 2029 1322 successoribus
2043 1293 2159 1333 nostris,
2177 1305 2226 1326 aut
2238 1307 2292 1327 co-

1227 1344 1285 1364 ram
1304 1333 1468 1373 Justiciariis
1488 1331 1590 1364 nostris
1611 1331 1771 1362 Haeredum
1793 1332 1838 1362 vel
1854 1330 2059 1362 Successbrum
2075 1332 2240 1364 nostrorum
2254 1336 2291 1368 ad

1223 1372 1329 1403 Placita
1352 1382 1451 1403 coram
1467 1371 1566 1402 Nobis
1580 1371 1752 1401 Haeredibus
1768 1371 1812 1400 vel
1826 1369 2037 1400 Succefforibus
2052 1370 2155 1402 nostris
2170 1375 2291 1406 tenenda

1223 1411 1380 1452 assignatis,
1398 1411 1444 1442 seu
1468 1420 1569 1442 coram
1586 1409 1747 1448 justitiariis
1769 1408 1806 1439 de
1833 1418 1891 1439 uno
1916 1407 2015 1438 Banco
2038 1409 2084 1440 vel
2105 1410 2142 1440 de
2157 1411 2230 1449 alio,
2245 1414 2290 1444 vel

1222 1461 1321 1482 coram
1345 1451 1446 1481 Nobis
1466 1449 1638 1480 Haeredibiis
1661 1448 1705 1478 vel
1719 1446 1934 1478 Successoribus
1948 1447 2050 1478 nostris
2065 1449 2092 1478 in
2114 1447 2290 1483 Cancellaria

1221 1490 1314 1520 nostra
1338 1489 1497 1520 Haeredum
1516 1488 1562 1518 vel
1574 1486 1776 1518 Succefforum
1791 1485 1975 1523 nostrorum,
1992 1494 2039 1517 aut
2052 1496 2148 1517 coram
2165 1489 2292 1521 Thesau-

1220 1530 1291 1559 rario
1314 1528 1348 1558 &
1370 1527 1526 1558 Baronibus
1546 1527 1581 1557 de
1603 1525 1753 1557 Scaccario
1774 1524 1873 1555 nostro
1892 1524 2052 1554 Haeredum
2069 1525 2113 1556 vel
2130 1526 2286 1559 Succeffo-

1220 1577 1282 1597 rum
1296 1566 1478 1603 nostrorum,
1497 1564 1543 1596 seu
1561 1574 1660 1596 coram
1677 1563 1830 1594 Batonibus
1845 1563 1881 1594 de
1895 1562 2046 1593 Scaccario
2060 1563 2162 1595 nostro
2179 1565 2284 1598 Haere-

1219 1605 1291 1635 dum
1308 1606 1352 1636 vel
1369 1604 1572 1635 Successorum
1589 1602 1772 1640 nostrorum,
1791 1602 1834 1632 vel
1848 1611 1948 1632 coram
1963 1601 2120 1633 Senescallo
2137 1604 2171 1635 &
2190 1604 2286 1637 Mare-

1218 1643 1303 1674 scallo
1323 1644 1368 1674 vel
1395 1644 1514 1674 Clerico
1538 1642 1662 1672 Mercari
1684 1641 1809 1678 Hospitii
1825 1639 1913 1670 nostri
1929 1639 2088 1671 Haeredum
2107 1642 2152 1673 vel
2165 1642 2285 1675 Succes-

1216 1682 1313 1712 sorum
1332 1681 1566 1719 nostrorum,aut
1580 1689 1680 1711 coram
1692 1679 1850 1718 Justitiariis
1864 1678 1964 1708 nostris
1979 1678 2138 1711 Haeredum
2156 1683 2200 1712 vel
2209 1683 2283 1715 Suc-

1216 1721 1359 1751 cefforum
1383 1720 1549 1752 nostrorum
1572 1718 1786 1756 Itinerantibus,
1803 1717 1836 1748 ad
1852 1716 2028 1748 Communia
2046 1717 2152 1749 Placiia
2164 1720 2198 1751 &
2214 1721 2280 1752 Pla-

1216 1761 1270 1789 cita
1295 1759 1424 1790 Coronae
1443 1759 1487 1789 vel
1509 1759 1545 1789 ad
1564 1757 1671 1788 Placita
1686 1757 1811 1791 Forestae
1825 1756 1869 1786 vel
1885 1765 1983 1786 coram
1996 1754 2159 1794 justiciariis
2175 1759 2281 1792 nostris

1217 1798 1376 1827 Haeredum
1400 1797 1444 1826 vel
1467 1795 1669 1827 Successorum
1694 1794 1859 1826 nostrorum
1872 1793 1906 1823 ad
1919 1794 2114 1832 proditiones,
2132 1795 2280 1839 Felonias‚

1216 1835 1477 1873 Transgreffiones,
1494 1835 1547 1864 vel·
1561 1834 1623 1864 alias
1645 1833 1704 1863 Res
1724 1833 1931 1870 quascumque,
1950 1841 2010 1862 tam
2031 1833 2067 1863 ad
2092 1834 2205 1865 Sectam
2223 1847 2278 1866 no-

1217 1873 1303 1903 stram
1317 1873 1479 1903 Haeredum
1493 1872 1536 1901 vel
1555 1871 1757 1902 Succefforum
1776 1870 1959 1908 nostrorum,
1975 1880 2060 1908 quam
2074 1871 2192 1902 aliorum
2206 1883 2280 1914 quo-

1216 1921 1408 1950 rumcumque
1432 1911 1478 1942 vel
1497 1911 1610 1941 alterius
1630 1909 1835 1947 cujuscumque
1854 1908 2001 1938 audiendas
2023 1910 2057 1940 ὅ(
2081 1911 2279 1952 terminandas,

1215 1950 1373 1990 ai'signatiS,
1395 1949 1440 1981 vel
1462 1959 1562 1980 coram
1584 1947 1751 1986 justiciariis
1772 1947 1875 1977 nostris
1894 1946 2056 1978 Haeredum
2070 1949 2113 1978 vel
2129 1949 2283 1982 Successo-

1214 1999 1277 2020 rum
1294 1988 1457 2019 nostrorum
1470 1989 1504 2019 ad
1521 1986 1619 2018 Affisas
1632 1986 1739 2026 Juratas
1754 1987 1787 2017 &
1803 1984 2031 2016 Certificationes
2045 1996 2091 2017 aut
2107 1988 2169 2018 alias
2185 1989 2281 2027 lnqui-

1215 2028 1324 2059 sitiones
1346 2027 1541 2066 quascumque
1562 2026 1709 2064 capiendas
1723 2025 1768 2054 vel
1785 2023 1892 2055 Gaolas
1907 2023 2109 2056 Deliberandas
2122 2026 2282 2069 assignatis,

1214 2067 1258 2098 vel
1283 2066 1460 2097 Custodibus
1479 2065 1560 2096 Pacis
1582 2064 1687 2095 nostrae
1709 2063 1871 2094 Haeredum
1891 2062 1934 2092 vel
1949 2062 2152 2095 Succefforum
2169 2069 2282 2098 nostro-

1212 2115 1295 2144 rum,
1318 2106 1353 2136 ad
1373 2105 1481 2136 Statuta
1503 2105 1536 2134 δε
1557 2103 1758 2133 Ordinationes
1782 2102 1819 2132 de
1842 2100 2026 2139 Artificibus,
2050 2103 2285 2146 Laboratoribus,

1213 2144 1405 2175 Servientibus
1425 2145 1457 2175 &
1484 2141 1650 2179 Vitellariis,
1668 2151 1701 2172 ac
1725 2141 1815 2171 etiam
1829 2139 1866 2170 de
1882 2140 2058 2182 Ponderibus
2073 2143 2106 2172 ὃ(
2126 2142 2283 2184 Meniiiris,

1213 2182 1403 2214 conservanda
1426 2181 1591 2219 Affignatis,
1613 2179 1657 2211 vel
1679 2189 1780 2210 coram
1803 2179 2033 2221 quibulcumque
2056 2180 2113 2210 aliis
2128 2180 2283 2214 Officiarii's

1213 2232 1246 2252 ac
1263 2221 1401 2252 Ministris
1415 2220 1516 2251 nostris
1535 2218 1694 2250 Haeredum
1707 2219 1741 2249 &
1756 2217 1959 2248 Succeiiorum
1973 2217 2157 2257 nostrorum,
2175 2229 2234 2250 tam
2249 2224 2285 2252 in.

1214 2261 1363 2291 Prteientia
1381 2258 1476 2290 nostra
1496 2257 1656 2289 Haeredum
1679 2257 1712 2288 &
1725 2255 1928 2287 successorum
1948 2255 2130 2294 nostrorum,
2148 2260 2234 2297 quarn
2250 2261 2280 2290 in

1215 2299 1347 2330 Absentia
1369 2298 1465 2328 nostra
1479 2297 1638 2327 Haeredum
1656 2296 1687 2325 &
1706 2294 1905 2325 Succefforum
1920 2295 2109 2333 nostrorum,
2119 2297 2152 2326 &
2168 2297 2197 2326 in
2210 2307 2280 2327 om-

1215 2338 1300 2367 nibus
1324 2337 1381 2367 aliis
1401 2336 1489 2366 Locis
1509 2336 1542 2366 &
1564 2334 1689 2370 Placeis,
1706 2333 1758 2363 smt
1778 2332 1831 2370 ipsa
1846 2331 1926 2375 Bona
1937 2332 1971 2362 &
1989 2331 2097 2364 Cataila
2111 2333 2193 2371 ipfius
2209 2346 2281 2366 nune

1215 2374 1412 2413 Archiepiftopi
1428 2376 1462 2406 &
1476 2373 1678 2404 Succeflorum
1696 2371 1812 2401 suorum
1826 2370 2043 2409 praedustorum.

1251 2414 1286 2444 Et
1300 2413 1379 2451 quod
1395 2413 1469 2442 bene
1481 2412 1564 2442 liceat
1577 2410 1660 2440 eidem
1675 2407 1872 2447 Archiepiscopo
1887 2410 1920 2439 &
1936 2407 2148 2440 Successoribus
2161 2409 2213 2440 suis
2278 2435 2281 2438 .

1211 2452 1239 2483 se
1252 2460 1299 2481 aut
1314 2452 1473 2482 Servientes
1486 2450 1532 2480 seu
1548 2447 2103 2485 Ministros1hos,absqueimpedimento
2110 2448 2196 2479 nostri
2206 2420 2281 2481 Ι-ῗέ

1213 2490 1314 2521 redum
1324 2490 1368 2519 vel
1375 2487 1577 2520 Succefforum
1586 2486 1748 2516 nostrorum
1756 2495 1802 2515 aut
1810 2485 1968 2523 aliquorum
1985 2486 2106 2516 alioruin
2115 2486 2282 2521 Officiario-

1214 2527 1507 2567 rumJusticiari'orui-ri
1520 2526 1564 2556 vel
1580 2524 1783 2555 Ministrorum
1799 2525 1964 2554 nostrorum
1978 2524 2138 2555 Haered'tim
2154 2528 2197 2557 vel
2207 2529 2282 2559 Suc-

1214 2567 1356 2598 cefforum
1371 2566 1544 2603 nostrorum,
1550 2573 1598 2595 aut
1611 2563 1826 2593 vicecomitum
1836 2562 2036 2601 ,Escaetorum
2050 2562 2279 2604 Coronatoriim‚

1216 2605 1364 2636 Ma'orum
1374 2600 1872 2643 ,Ballivorum,Constabulariorum
1883 2602 1925 2631 vel
1940 2602 2061 2632 aliorum
2079 2601 2282 2636 Ministrorum

1218 2655 1258 2675 no
1286 2645 1383 2674 roium
1398 2642 1557 2673 Haeredum
1576 2641 1620 2672 vel
1629 2640 1831 2672 Succefforum
1847 2639 2009 2671 nostrorum
2020 2650 2285 2683 quorumcumque,

1216 2693 1321 2722 ponere
1338 2684 1402 2714 sein
1413 2682 1546 2713 Seifinam
1556 2681 1592 2712 de
1607 2680 1689 2710 diens
1703 2679 1786 2714 Bonis
1803 2680 1835 2710 &
1851 2678 1962 2709 Catallis
1977 2680 2152 2719 ubicumque
2165 2683 2279 2714 inventa

1216 2722 1317 2753 fuerint
1333 2722 1362 2752 in
1375 2720 1510 2751 omnibus
1526 2722 1558 2751 ὅ(
1576 2719 1689 2752 singulis
1705 2717 1833 2748 Casubus
1848 2717 2025 2756 supradietis,
2044 2720 2076 2750 ὃς
2092 2719 2191 2750 eadem
2205 2720 2286 2752 Bona

1217 2762 1250 2792 &
1273 2759 1378 2791 Catalla
1405 2760 1441 2790 ad
1460 2759 1544 2798 Opus
1566 2760 1598 2790 ὅ(
1620 2756 1788 2787 Proficuum
1803 2755 1918 2795 eyufilem
1940 2755 2043 2786 Ari-hie
2060 2756 2137 2795 isiopi
2158 2760 2191 2789 ὃ(
2208 2759 2281 2789 Suc-

1216 2799 1358 2829 cessorum
1379 2798 1494 2829 suorum
1510 2798 1645 2833 retinere,
1664 2805 1747 2834 prout
1764 2794 1906 2826 Officiarii
1923 2794 2018 2824 Ballivi
2083 2795 2212 2826 Ministri
2227 2807 2281 2827 no-

1216 2837 1264 2867 stri
1284 2837 1444 2868 Haeredum
1469 2837 1511 2866 vel
1536 2835 1737 2866 Success'orum
1761 2833 1939 2869 nostrorum,
1965 2832 2044 2862 Bona
2067 2834 2101 2864 &
2124 2833 2229 2864 Catalla
2250 2836 2281 2866 in

1217 2876 1323 2907 Manus
1334 2875 1441 2906 nostras
1454 2874 1612 2905 Haeredum
1628 2876 1661 2905 &
1673 2873 1874 2903 Successorum
1887 2870 2052 2901 nostrorum
2065 2870 2152 2902 seifire
2168 2873 2280 2910 poffent

1217 2915 1264 2946 vel
1277 2914 1430 2952 deberent,
1450 2913 1468 2943 fi
1484 2923 1515 2943 ea
1524 2912 1728 2952 praefatonunc
1738 2909 1944 2978 Anhsspifiopo'
1953 2909 1987 2939 δέ
2000 2908 2213 2941 Succefforibus
2226 2912 2280 2942 suis

1217 2953 1359 2993 praedietis
1382 2963 1431 2990 per
1454 2951 1522 2983 Nos
1542 2950 1676 2982 conceffii
1697 2949 1816 2981 nonfui
1842 2956 1908 2985 ent,
1927 2948 1992 2977 licet
2008 2946 2153 2979 Homines
2167 2950 2200 2981 &
2217 2950 2282 2981 Te-

1218 3001 1316 3023 nentes
1340 2993 1407 3022 dicti
1418 3001 1487 3021 nunc
1500 2989 1696 3029 Archiepifcopi
1713 2990 1745 3020 &
1760 2985 1962 3017 Succefforum
1973 2985 2102 3029 suorum,
2122 2995 2183 3019 tam
2199 2988 2282 3020 Refia

1218 3031 1316 3062 dentes
1327 3040 1415 3070 quam
1429 3039 1489 3060 nori
1505 3028 1669 3059 Residentes
1680 3037 1713 3057 ac
1727 3026 1770 3057 alii
1787 3024 1953 3055 Refidentes
1966 3023 2128 3062 hujusmodi
2143 3027 2284 3064 quicum-¹

1219 3079 1293 3107 que,
1311 3069 1348 3100 de
1368 3069 1469 3099 Nobis
1492 3067 1660 3097 Haeredibus
1680 3066 1726 3096 vel
1747 3062 1964 3094 Succefforibus
1985 3063 2109 3102 nostris,
2124 3066 2169 3096 vel
2191 3065 2283 3105 aliqua

1218 3108 1271 3139 alia
1289 3108 1334 3138 vel
1354 3108 1493 3146 aliquibus
1514 3106 1571 3136 aliis
1591 3103 1715 3135 Persona
1729 3102 1774 3133 vel
1791 3101 1920 3133 Personis
1932 3101 1997 3131 alibi
2015 3103 2156 3134 tenuerint
2171 3104 2216 3134 vel
2232 3115 2282 3135 eo-

1221 3156 1282 3176 rum
1297 3146 1394 3185 aliquis
1409 3145 1586 3181 tenuerit,&
1602 3143 1668 3173 licet
1684 3140 1845 3180 hujusmodi
1859 3140 2004 3170 Homines
2017 3141 2050 3171 δε
2064 3141 2209 3173 Tenentes
2224 3142 2286 3174 Re-

1222 3185 1340 3215 sidentes
1363 3184 1408 3214 vel
1430 3181 1655 3213 Nonrelidentes
1668 3181 1711 3211 seu
1729 3180 1774 3210 alii
1790 3180 1967 3218 quicumque
1979 3177 2144 3210 Residentes
2159 3180 2285 3213 viceco-

1222 3224 1322 3260 mites,
1340 3222 1436 3253 Ballivi
1457 3220 1502 3251 seu
1527 3219 1653 3250 Ministri
1669 3218 1757 3249 nostri
1776 3217 1933 3248 Haeredum
1948 3217 1993 3247 vel
2010 3217 2214 3250 Successorum
2229 3229 2286 3250 no.-

1222 3260 1362 3298 strorum,
1379 3269 1427 3291 aut
1447 3259 1514 3289 a'iffl
1539 3258 1734 3297 Archiepiscopi
1748 3257 1796 3287 vel
1806 3255 2010 3287 Succefforum
2026 3255 2141 3286 suorum
2152 3281 2162 3295 ,
2179 3258 2224 3288 vel
2238 3258 2286 3292 ali÷

1222 3301 1300 3337 cujus
1313 3299 1422 3330 alterius
1436 3298 1568 3328 Personae
1583 3297 1719 3334 existant,
1735 3296 1781 3329 seu
1795 3304 1898 3324 eorum
1912 3294 2009 3332 aliquis
2024 3293 2210 3335 vicecomes,
2224 3295 2288 3326 Bai.-

1220 3338 1292 3369 livus
1312 3339 1358 3368 seu
1383 3336 1514 3367 Minister
1535 3334 1631 3365 noster
1652 3335 1696 3366 vel
1715 3333 1918 3367 Succefforum
1944 3331 2130 3374 nostrorum³
2154 3343 2201 3365 aut
2219 3334 2287 3364 dide*

1222 3376 1423 3444 Archiquiopi
1439 3375 1485 3406 vel
1503 3373 1703 3405 Succefforum
1715 3373 1831 3403 fixorum
1841 3394 1851 3410 ,
1868 3371 1914 3402 vel
1930 3371 2046 3409 alicujus
2064 3372 2171 3404 alterius
2186 3370 2284 3403 Perso-

1223 3426 1268 3445 nae
1284 3425 1327 3445 exi
1354 3423 1379 3445 at
1923 3434 1925 3436 -
1987 3435 2001 3438 .»
2082 3434 2085 3437 -
2126 3433 2128 3436 -

1258 3453 1295 3483 Et
1319 3438 1399 3490 quod
1419 3451 1489 3481 idem
1510 3461 1579 3489 nuni:
1600 3448 1818 3490 Archiepiscopus
1840 3447 1873 3480 &
1894 3447 2076 3480 Succeffores
2092 3448 2132 3479 sui
2146 3449 2285 3487 imperpe-

1223 3498 1303 3521 tuum
1328 3492 1450 3521 habeant
1476 3489 1654 3520 Thesaurutn
1680 3489 1848 3524 inventum,
1865 3487 2027 3518 Wreccum
2050 3486 2158 3523 Maris,
2176 3486 2284 3524 XVayfe

1224 3529 1257 3559 ὃς
1273 3529 1369 3568 Straye
1389 3531 1419 3560 in
1439 3529 1573 3559 omnibus
1586 3528 1619 3558 δε
1635 3526 1744 3565 lingulis
1758 3525 1922 3564 Dominiis,
1938 3524 2037 3555 Terris
2051 3525 2084 3555 &
2097 3524 2285 3554 Tenementis

1222 3569 1256 3598 &
1277 3567 1377 3598 Feodis
1400 3567 1556 3608 praedicstis,
1575 3566 1608 3596 &
1630 3575 1730 3596 omnes
1746 3564 1829 3594 Fines
1842 3574 1894 3601 pro
1907 3561 2196 3605 Transgreffionibus,
2218 3562 2282 3600 Op-

1222 3605 1409 3642 preffionibus
1421 3629 1431 3644 ,
1460 3604 1672 3636 Extorfionibus
1686 3627 1696 3640 ,
1724 3602 1953 3640 Deceptionibus
1965 3623 1975 3638 ,
2000 3599 2284 3639 conspirationibus,

1222 3642 1474 3683 Concelamentis,
1493 3643 1661 3683 Regratariis
1683 3644 1715 3674 ὃς
1737 3641 1929 3678 Forstallariis,
1948 3637 2188 3681 Manutenentiis,
2206 3639 2282 3669 Am-

1223 3682 1369 3720 bidexiris,
1385 3683 1572 3720 Falsitatibus,
1590 3681 1712 3720 Escapiis
1727 3680 1867 3711 Felonum
1882 3679 1915 3709 &
1929 3676 2132 3719 proditorum,
2151 3687 2184 3707 ac
2204 3677 2284 3709 Mes·
2339 3710 2343 3712 ,

1223 3720 1392 3759 priiionibus
1415 3721 1658 3760 quibuscumque,
1674 3721 1708 3751 &
1719 3728 1820 3748 omnes
1834 3717 1917 3747 Fines
1951 3723 1984 3744 ro
2002 3714 2133 3758 Licentia
2149 3714 2285 3747 Concor-

1225 3758 1326 3796 dandi,
1345 3769 1461 3789 necnon
1482 3758 1650 3789 omnimoda
1664 3757 1908 3792 Amerciamerita‚
1958 3751 2168 3792 edemptiones‚
2186 3754 2287 3786 Exitus

1225 3797 1393 3828 Forisfaetos
1420 3797 1453 3828 &
1472 3797 1653 3828 omnimodas
1675 3794 1872 3826 Forisfaetums
1888 3813 1897 3828 ,
1921 3799 1980 3821 tam
2001 3799 2049 3827 per
2069 3790 2167 3823 Brevia
2188 3793 2282 3825 nostra

1224 3830 1384 3865 Haeredum
1406 3836 1439 3866 ὃς
1457 3835 1658 3866 Successorum
1675 3832 1837 3863 nostrorum
1852 3830 1890 3872 de
1902 3828 2044 3859 Attinffls
2056 3831 2153 3861 Decies
2172 3838 2286 3862 tantum
2306 3861 2308 3863 ,

1226 3871 1264 3907 &¹
1289 3875 1454 3903 Praemunire
1464 3873 1558 3911 facias
1575 3872 1739 3910 adjudicatis
1752 3871 1785 3900 &
1799 3866 1988 3913 adjudicandis
1998 3889 2007 3904 ‚
2027 3870 2111 3905 quam
2126 3879 2174 3909 per
2187 3871 2286 3900 omnia

1225 3911 1276 3941 alia
1299 3911 1396 3942 Brevia
1417 3913 1449 3942 &
1467 3912 1601 3942 Mandata
1616 3910 1709 3941 nostra
1725 3907 1886 3944 Haeredum
1902 3906 1934 3936 &
1953 3907 2155 3938 buccefforum
2172 3908 2285 3940 nostro-

1227 3959 1291 3979 rum
1312 3959 1504 3989 quaecumque
1525 3950 1661 3986 Annum,
1684 3946 1793 3983 Diem,
1812 3944 1982 3983 streppum,
2002 3943 2121 3976 vastum
2143 3948 2176 3978 &
2203 3946 2287 3978 Deo-

1226 3987 1336 4025 danda,
1353 3998 1386 4019 ac
1406 3990 1504 4020 omnia
1523 3989 1575 4019 alia
1598 3995 1662 4026 quae
1682 3985 1718 4016 ad
1737 3983 1809 4015 Nos
1830 3981 1968 4013 Haeredes
1983 3983 2029 4015 vel
2041 3983 2222 4016 Succeffores
2220 3994 2289 4053 1{io-

2246 4032 2294 4052 ros
